3686 5590
648 537 812 597 tlrsromcn
834 541 1046 596 unuunnarro.
1388 518 1426 595 63

314 666 351 742 Si
373 669 449 765 quis
467 690 564 757 vero,
591 669 716 741 doctor
734 669 810 762 jam
833 669 960 758 factus,
982 669 1018 739 in
1038 667 1226 761 collegium
1248 691 1427 762 aggrega-

263 791 378 853 torum
392 781 524 852 intrare
539 781 654 868 vellet,
680 803 842 852 nummos
859 781 1009 873 primum
1029 780 1243 874 deponebat3
1262 781 1388 852 deinde
1407 804 1427 852 a

263 891 470 964 Primicerio
485 891 706 963 indicabatur
716 901 753 961 ut
764 891 822 986 qui
833 891 1002 978 doctriua,
1018 876 1187 978 moribus,
1205 891 1427 986 propriisque
1484 903 1489 916 '

221 989 225 992 ⁸
263 1013 298 1075 et
319 1013 505 1097 parentum
523 987 650 1074 bfficiis
666 1003 701 1072 in
717 1003 900 1073 doctorum
916 1002 1103 1095 collegium
1126 1003 1269 1079 admittiv
1283 1003 1428 1074 meritus

265 1124 372 1204 esset,
407 1123 451 1200 et,
486 1114 578 1185 datis
613 1113 804 1207 suffragiis,
845 1113 1053 1206 eligebatur.
1089 1112 1270 1207 Acceptus
1302 1113 1428 1184 deinde

263 1234 384 1320 grates
417 1225 623 1296 Primioerio
658 1233 693 1296 et
735 1225 882 1316 collegis
920 1210 1145 1317 persolvebat
1183 1232 1287 1321 atque
1324 1225 1430 1296 dabat
1527 1274 1528 1277 ,

265 1338 401 1431 epulas.
424 1337 571 1425 Deinde,
604 1336 715 1407 tribus
737 1337 892 1407 nondum
914 1336 1044 1430 elapsis
1070 1337 1262 1425 mensibuS,
1284 1337 1431 1408 alteram

265 1451 308 1520 de
323 1449 429 1520 certis
453 1449 661 1543 quibusdam
684 1447 906 1543 «punctis»,
934 1447 1101 1540 simplicis
1126 1449 1280 1520 doctoris
1302 1448 1424 1535 instar,

264 1559 557 1653 periclitationem
589 1557 738 1644 subibat,
767 1581 812 1628 ex
841 1581 910 1652 qua
940 1554 1090 1629 feliciter
1117 1559 1324 1656 plerumque
1349 1581 1430 1630 eva-

266 1671 381 1757 debat,
406 1670 533 1765 quippe
553 1669 611 1765 qui
629 1669 798 1740 librarum
820 1669 888 1739 duo
911 1669 1018 1740 millia
1036 1671 1200 1742 solvisset
1217 1681 1240 1741 ¹.
1263 1671 1431 1742 Solebant

268 1789 384 1853 autem
407 1781 595 1874 aggregati
613 1781 779 1850 doctores
800 1780 1001 1874 «privative
1025 1782 1141 1876 quoad
1161 1781 1249 1852 alios
1267 1783 1432 1864 doctores

269 1893 446 1986 simplices
463 1901 498 1962 et
510 1915 581 1963 non
597 1900 815 1984 aggregatos
827 1921 844 1956 »
864 1891 997 1984 eligere
1011 1893 1237 1984 professores
1253 1902 1287 1964 et
1299 1893 1432 1986 magis·
1550 1902 1552 1906 ’

267 2014 352 2093 tros,
389 2004 446 2100 qui
478 2003 650 2074 canonica
683 2011 718 2072 et
750 2003 865 2074 civilia
892 2003 976 2096 jura
1006 2004 1186 2092 docerent,
1228 2005 1434 2076 «interesse

269 2115 502 2209 assignationi
513 2122 745 2210 punctorum,
769 2114 827 2208 qui
847 2115 973 2184 dantur
991 2115 1240 2207 promovendis
1257 2117 1302 2187 ad
1315 2117 1435 2187 docto-

268 2236 393 2315 ratum,
424 2226 608 2321 dictosque
639 2225 901 2319 promovendos
928 2226 1141 2312 examinare,
1173 2235 1277 2322 atque
1303 2227 1435 2298 exami-

268 2341 370 2410 natos
400 2338 610 2432 approbare,
631 2337 689 2407 rel
704 2337 910 2430 reprobare,
937 2345 1066 2409 statuta
1087 2338 1335 2410 Universitatis
1354 2363 1437 2410 con-

271 2451 398 2522 cedere
422 2457 527 2545 atque
553 2449 760 2538 reformare,
801 2449 1041 2537 secretarium,
1072 2450 1248 2538 bidellum,
1278 2451 1436 2547 aliosque

271 2560 441 2632 officiales
485 2559 734 2632 Universitatis
775 2559 938 2652 regimini
982 2561 1209 2633 necessarios
1250 2563 1431 2656 deputare,

271 2673 436 2744 doctores
456 2672 633 2766 simplices
650 2671 695 2742 ad
716 2670 904 2763 collegium
923 2672 1106 2750 admittere
1130 2695 1194 2743 seu
1219 2696 1431 2767 aggregare,

273 2785 409 2880 aliaque
444 2783 693 2854 Universitatis
725 2804 873 2854 munera
901 2783 1045 2872 obire»,
1076 2792 1180 2880 atque
1207 2785 1250 2855 de
1276 2785 1437 2857 omnibus

271 2895 475 2967 Academiae
507 2895 615 2966 rebus
645 2894 680 2964 in
706 2895 842 2988 privato
883 2893 1033 2988 collegio
1070 2895 1267 2968 deliberare
1292 2906 1317 2968 ².
1351 2897 1438 2968 Mox

270 3007 459 3100 dignitates
485 3007 788 3100 adipiscebantur,
819 3006 925 3077 Rotae
941 3006 997 3078 vel
1021 3008 1157 3096 decani,
1178 3008 1234 3079 vel
1256 3008 1436 3081 auditores

269 3119 410 3206 fiebant,
431 3127 490 3190 aut
504 3119 809 3212 Vice-gerentiam
827 3118 1071 3190 obtinebant·³.
1088 3120 1210 3191 Tantis
1225 3119 1432 3207 honoribus

269 3238 435 3326 tantaque
454 3231 661 3324 auctoritate
682 3229 796 3302 ornati
815 3229 880 3299 riri
907 3230 1115 3324 simplicium
1139 3232 1324 3303 doctorum
1347 3231 1437 3302 invi-

272 3343 365 3414 diam
393 3343 667 3430 concitaverunt,
693 3342 751 3438 qui
778 3363 841 3412 eos
865 3342 966 3436 quasi
990 3343 1173 3414 abusivum
1195 3352 1299 3438 atque
1324 3343 1438 3436 illegi-

271 3455 392 3524 timum
421 3462 630 3525 exercentes
657 3453 901 3546 magistratum
926 3453 1022 3524 haud
1048 3455 1158 3526 semel
1184 3455 1390 3526 incusarunt
1408 3453 1434 3526 ⁴.

273 3566 345 3636 Sed
377 3565 570 3659 privilegiis
605 3567 844 3638 obtrectantes
876 3565 1005 3637 vicisse
1044 3566 1209 3638 doctores
1247 3567 1437 3661 aggregati

274 3678 449 3748 videntur.
863 3673 864 3676 ’

321 3790 399 3861 Nec
424 3797 542 3860 tamen
559 3779 744 3862 ¹immerito
780 3789 1016 3885 querebantur
1042 3789 1220 3884 simplices
1248 3789 1436 3878 doctores;

275 3923 372 3994 aegre
404 3901 567 3972 ferebant
597 3925 635 3972 se
665 3901 828 3972 amisisse
867 3901 1111 3992 auctoritatem
1141 3909 1245 3997 atque
1277 3903 1441 3999 immuni-

274 4021 392 4101 tatem,
414 4014 539 4110 quibus
557 4037 680 4086 omnes
693 4013 834 4085 fuerant
847 4013 883 4083 in
897 4013 1067 4107 principio
1084 4014 1249 4086 doctores
1266 4015 1439 4087 instructi.

274 4125 434 4198 Ducendi
463 4126 570 4219 igitur
599 4125 756 4214 licentia,
787 4125 986 4222 ceterisque
1012 4122 1261 4199 Universitatis
1286 4127 1442 4200 muneri·

313 4365 337 4414 l.
355 4362 390 4413 P.
409 4361 460 4413 rel.
477 4363 496 4414 ὰ
511 4360 614 4414 l'Untu.
631 4357 774 4430 u'actpnu
792 4365 812 4414 t.
829 4357 851 4424 l,
862 4357 893 4413 l⁰⁸
907 4355 958 4412 37l
972 4365 1010 4428 v0,
1025 4358 1086 4425 276,
1103 4357 1165 4428 arg
1182 4365 1201 4414 t.
1218 4355 1251 4424 ll,
1265 4356 1297 4414 l⁰³
1313 4359 1443 4432 alr-alm

277 4452 296 4500 t.
310 4443 358 4513 lll,
376 4443 409 4498 f⁰⁸
423 4446 559 4498 569-572.
801 4513 802 4518 ἵ

313 4535 338 4584 2.
355 4531 439 4590 Ibo'd„
458 4538 478 4584 t.
496 4529 540 4592 lv,
554 4527 577 4583 l⁰
594 4532 653 4585 tol.
666 4559 700 4571 -
716 4532 802 4584 Mem.
816 4544 869 4584 sur
883 4531 986 4584 l’Unr'o.
1004 4524 1146 4601 d'Aoiqn„
1158 4531 1281 4601 passim.

313 4619 339 4674 3.
355 4619 392 4672 Ρ.
409 4619 462 4674 rel.
479 4620 498 4672 ὰ
514 4617 619 4674 l'Uniu.
634 4614 778 4689 caupo,
797 4622 818 4672 t.
837 4613 871 4678 ll,
888 4631 915 4688 p.
930 4615 991 4670 ala.

313 4707 340 4758 l.
359 4701 443 4765 illd..
461 4708 480 4760 t.
499 4699 532 4772 ll,
550 4699 570 4758 lu
591 4701 650 4758 llll.
