3686 5590
411 529 452 596 ΟΞ
759 557 994 601 [nmmum
1014 557 1237 604 imnum

413 673 448 746 13
449 675 664 753 nirersitatis
681 681 792 776 legati
815 692 851 750 et
873 681 1101 754 maceca
1120 694 1218 754 certe
1232 681 1391 756 adfuere.
1411 681 1487 754 sine
1505 683 1582 780 qni·-

412 789 480 862 bns
491 791 536 864 de
546 793 641 868 nulla
653 818 694 866 re
704 797 805 889 gravi
819 797 944 866 estas
956 795 1144 866 commisere
1158 807 1297 887 poterat
1308 807 1318 831 ¹
1328 819 1339 871 2
1351 796 1411 890 qui
1420 795 1580 889 collegas

414 907 627 978 muniere
644 931 769 980 omnes
790 921 943 980 traxere.
965 909 1089 1001 pauc'm
1106 908 1316 1003 quibusdam
1329 911 1500 1002 exceptis.
1520 909 1580 1004 qui

411 1013 517 1089 diem
532 1041 622 1114 erga
638 1021 872 1092 Benedictum
885 1023 993 1092 tacite
1011 1043 1156 1091 serrare
1170 1021 1379 1093 maluerunt.
1402 1033 1440 1090 ut
1452 1031 1581 1113 muca

411 1129 621 1204 videbimus.
645 1133 705 1206 Sic
722 1136 878 1228 propriae
898 1134 1036 1204 uniitati
1052 1133 1145 1204 male
1163 1134 1322 1203 inserviit
1340 1133 1575 1216 [nirersitas

410 1253 485 1316 eta
509 1243 692 1318 Pontifieis
709 1270 821 1319 causa
841 1247 984 1318 defecit.
1012 1247 1088 1316 sive
1115 1245 1214 1337 regis
1244 1245 1438 1314 Galliarum
1466 1257 1574 1319 metu.

410 1353 487 1428 sive
508 1358 741 1430 conciliandae
760 1359 927 1430 ecclesiae
951 1358 1082 1428 studio
1102 1357 1268 1428 Ceterum
1282 1379 1362 1426 cam
1380 1357 1448 1426 sibi
1465 1357 1582 1426 Bene-

410 1465 526 1540 dictus
560 1471 698 1543 saeritia
735 1473 852 1564 magis
881 1472 1058 1542 alienavit
1087 1471 1158 1564 qm.
1190 1471 1228 1538 iu
1253 1469 1385 1562 palatio
1407 1469 1581 1539 obsessus

407 1577 609 1652 incendium
627 1591 663 1653 et
675 1583 813 1654 ruinam
832 1583 910 1653 mbi
927 1581 1137 1668 minabatur,
1163 1580 1277 1650 donec
1300 1581 1379 1673 ipse
1404 1581 1519 1650 bostis
1535 1579 1580 1650 ab

408 1689 594 1765 obsidione
617 1693 738 1786 palatii
763 1695 949 1765 recederet
964 1705 991 1763 ².
1015 1694 1175 1785 Apparet
1199 1693 1306 1762 etiam
1331 1692 1580 1762 l'uirersitatis

408 1801 528 1874 odium
548 1827 593 1875 ex
614 1805 752 1877 dedere
775 1807 867 1877 inter
890 1807 1036 1876 Petrum
1059 1805 1104 1874 de
1126 1805 1226 1874 Luna
1248 1817 1283 1873 et
1302 1805 1478 1874 civitatem
1491 1805 1575 1888 icto,
1686 1811 1690 1818 '

408 1935 502 1988 anno
521 1915 615 1988 1399
636 1929 671 1989 et
690 1931 772 1990 ante
791 1919 885 1989 diem
899 1929 1064 1988 octavum
1082 1916 1166 1986 Kal.
1182 1917 1312 1989 Maias.
1333 1916 1370 1985 in
1384 1939 1454 2010 quo
1466 1916 1580 1985 nomi-

407 2037 536 2098 nantur
546 2051 610 2100 sex
620 2030 799 2112 doctores,
818 2031 879 2126 qui
891 2041 1013 2123 utpote
1028 2029 1126 2098 urbis
1139 2027 1342 2103 consiliarii,
1356 2051 1421 2120 pro
1437 2028 1577 2097 civitate

406 2139 635 2232 paciscuntur
648 2141 675 2214 ³.
693 2143 746 2214 Ea
762 2155 836 2213 tum
853 2144 908 2212 ira
927 2153 1003 2212 tuta
1025 2142 1149 2211 civitas
1168 2139 1354 2230 flagrabat,
1380 2162 1423 2209 eo
1446 2139 1577 2208 furoris

407 2249 510 2344 plebs
518 2251 763 2346 ipsavcnerat
776 2264 814 2325 ut
826 2255 1023 2325 Academia
1039 2263 1164 2323 nostra
1176 2251 1421 2331 Benedictnm
1440 2251 1579 2321 etiamsi

408 2361 580 2436 uoluisset
610 2365 815 2442 defendere.
848 2390 920 2437 non
953 2366 1142 2458 potuisset.
1171 2363 1320 2444 Quidam
1351 2373 1481 2448 tamen,
1514 2363 1580 2432 sed

408 2476 579 2568 perpauci
609 2477 776 2550 doctores
803 2479 961 2572 periculo
988 2500 1060 2548 non
1088 2485 1169 2546 sunt
1197 2475 1356 2544 deterriti
1383 2498 1405 2545 a
1430 2473 1578 2544 consilio

408 2585 594 2660 Benedicti
607 2589 644 2659 in
659 2589 859 2662 libertatem
873 2589 1073 2660 vindicandi
1082 2587 1107 2675 ‘;
1120 2609 1268 2682 qnorum
1283 2587 1517 2679 proditionem
1527 2586 1578 2656 sic

408 2697 519 2771 refert
534 2701 760 2774 Valladerius
780 2725 789 2773 :
812 2732 829 2767 «
843 2702 949 2773 Auno
967 2700 1055 2772 1401
1074 2699 1322 2770 schismaticus
1339 2695 1578 2792 (Benedictus)

406 2809 479 2883 alio
503 2811 754 2906 cogitationem
777 2814 913 2900 avertit,
942 2812 1080 2883 occulte
1100 2811 1222 2903 incipit
1247 2809 1436 2880 sollicitare
1452 2809 1580 2879 civium

410 2924 641 3018 quommdam
654 2925 831 3021 inquietos
841 2935 877 2995 et
890 2919 1009 2995 rerum
1023 2945 1194 2994 novarum
1207 2931 1416 3014 appetentes
1426 2921 1574 3003 animos

411 3055 559 3130 qnorum
589 3059 657 3130 ope
685 3037 809 3108 urbem
838 3047 994 3130 caperet,
1026 3044 1142 3130 atque,
1171 3044 1209 3104 ut
1234 3056 1316 3104 mea
1340 3033 1580 3125 manuscripta

411 3145 603 3235 declarant,
622 3149 862 3242 popularetur,
876 3148 1058 3240 expilaret,
1073 3146 1290 3230 incenderet,
1305 3167 1440 3239 perque
1457 3145 1579 3214 ruinas

412 3279 590 3330 murorum
615 3269 650 3332 et
673 3261 813 3332 cineres
844 3259 1092 3354 pulcherrimae
1116 3257 1213 3328 urbis
1239 3257 1420 3328 eraderet.
1442 3257 1483 3326 ln
1501 3278 1580 3326 eam

413 3369 652 3464 suspicionem
679 3373 775 3444 venit
806 3373 956 3466 primum
986 3369 1201 3441 Franciscus
1233 3368 1277 3438 de
1308 3367 1424 3454 Cario,
1457 3367 1581 3438 doctor

409 3479 530 3574 legum
561 3489 666 3580 atque
699 3507 867 3556 assessor
900 3482 1062 3568 civitatis
1104 3480 1232 3552 deinde
1273 3478 1495 3572 Augustinus
1536 3479 1580 3550 de

409 3589 614 3688 Volqueria,
642 3595 853 3682 licentiatus
884 3617 965 3665 cum
988 3593 1107 3686 priore
1129 3590 1409 3669 Sancti-Antonii
1428 3599 1464 3660 et
1480 3590 1581 3684 Rey-

412 3703 542 3776 mundo
557 3704 788 3802 Trenquerio‚
809 3707 867 3802 qui
882 3706 928 3777 ad
942 3713 1104 3800 quartum
1116 3725 1229 3774 nonas
1245 3703 1400 3773 octobris
1417 3723 1581 3794 compre·
1642 3751 1646 3759 «

412 3813 515 3886 hensi
542 3823 578 3888 et
600 3816 778 3890 dirissima
803 3814 1050 3914 [durissima‘l]
1082 3815 1279 3910 quaestione
1308 3813 1435 3899 vexati,
1467 3812 1581 3908 deque

414 3925 616 4000 criminibus
628 3929 795 4017 confessi,
815 3927 1067 4022 perduellionis
1079 3935 1183 4021 atque
1194 3925 1356 4018 perfidiae
1372 3924 1582 4018 supplicium

413 4037 592 4112 tulerunt:
617 4041 800 4128 Francisoi
826 4040 998 4133 vigesimo
1022 4049 1123 4109 sexto
1148 4037 1349 4108 novembris
1374 4046 1523 4132 quatuor
1546 4037 1581 4104 in

415 4159 536 4246 partes
550 4151 670 4225 laniati
682 4153 887 4226 bracchium
905 4152 1065 4223 dextrum
1083 4149 1128 4222 ad
1147 4157 1287 4244 portam
1305 4148 1375 4219 divi
1389 4148 1522 4235 Lazari,
1539 4148 1583 4222 ad

457 4459 479 4510 Ι.
495 4459 579 4512 Mem.
597 4477 650 4512 sur
664 4460 767 4514 l'llnu'u.
783 4460 905 4527 d’Aucp„
921 4455 943 4510 Ι0
956 4461 999 4514 3Ι.
1020 4488 1049 4500 -
1066 4457 1156 4521 nisu,
1171 4459 1248 4512 Dict.

452 4543 478 4596 Ι.
496 4539 628 4612 inlusor,
643 4545 720 4603 tntu,
736 4541 758 4596 Ιο
774 4545 822 4597 nst
838 4550 876 4598 νο.

451 4625 477 4680 3.
493 4623 576 4682 Canu.
591 4627 709 4696 Vnuu.,t.
725 4627 771 4697 ΙΙΙ,
786 4627 807 4682 Ιο
822 4630 884 4681 ets.

454 4707 478 4774 t.
496 4711 631 4780 lonssur,
648 4715 727 4782 thid,
740 4721 759 4768 t.
776 4712 795 4779 l,
810 4711 831 4768 Ι0
847 4715 908 4774 652.
