3686 5590
436 501 474 580 dl
779 520 1015 580 uurvnusmrrs
1036 523 1257 580 avnmoueltsis

434 653 501 724 bus
527 651 677 746 spoliati,
710 673 838 724 causas
865 676 969 725 orare
996 654 1248 748 cogebantur:
1275 661 1334 726 aut
1360 653 1397 724 in
1427 647 1598 726 auditorio

435 764 602 859 principis
642 764 814 836 sedebant
846 773 884 834 ut
915 765 1058 860 judices
1095 774 1129 838 et
1163 765 1313 860 patroni,
1350 773 1409 838 aut
1443 765 1487 837 de
1516 766 1599 859 jure

372 881 377 892 '
434 877 528 948 domi
567 876 847 970 respondebant,
880 877 1031 973 ideoque
1060 878 1166 949 veluti
1200 878 1358 950 membra
1394 876 1599 949 Academici

434 988 594 1082 corporis
624 987 855 1062 habebantur.
892 989 1020 1084 quippe
1056 990 1115 1085 qui
1147 988 1279 1060 ordinis
1312 995 1347 1060 et
1380 989 1512 1082 gradus
1545 989 1600 1060 sui

433 1099 638 1194 dignitatem
655 1099 805 1171 honeste
821 1100 1065 1172 observarent.
1086 1101 1151 1188 Qui
1165 1124 1250 1172 vero
1265 1101 1425 1194 turpibus
1443 1099 1598 1172 artificiis

431 1212 617 1284 inhoneste
642 1211 900 1300 incumbebant,
930 1212 1135 1306 dignitatem
1165 1213 1377 1306 putabantur
1405 1211 1593 1306 abjecisse,
1632 1287 1636 1298 ,

433 1331 537 1420 atque
566 1325 609 1394 ab
634 1321 872 1395 Universitate
899 1317 1087 1396 doctorcll'i
1111 1332 1332 1418 contemptus
1359 1332 1394 1396 et
1421 1324 1599 1417 opprobrii

433 1457 542 1508 causa
573 1435 799 1523 dicebantur,
835 1435 1168 1532 privilegiorumque
1205 1436 1241 1507 in
1279 1436 1495 1509 consortium
1527 1458 1597 1508 non

432 1547 650 1620 uocabantur
665 1557 688 1616 ¹.

842 2339 847 2348 ·
903 2285 1060 2360 CAPUT
1087 2286 1120 2358 ll

835 2601 869 2640 DE
888 2601 1009 2642 CORPORE
1028 2602 1193 2642 STUDENTIUH

476 2852 635 2926 Alterum
662 2852 698 2925 in
732 2851 980 2924 Universitatis
1015 2876 1164 2946 corpore
1195 2854 1312 2925 locum
1343 2853 1490 2925 obtinuit
1519 2861 1593 2924 stu-

427 2968 581 3039 dentium
609 2966 773 3052 societaS,
809 2987 888 3060 qnae
916 2965 1008 3036 infra
1043 2965 1184 3060 quidem
1212 2966 1378 3037 doctores
1408 2965 1590 3057 dignitate,

428 3078 658 3172 gravissimas
683 3086 801 3147 tamen
825 3077 861 3146 in
884 3076 1133 3147 Universitatis
1158 3076 1306 3148 historia
1328 3087 1449 3170 partes
1475 3076 1595 3168 egisse

430 3201 464 3262 et
498 3190 654 3260 moribus
698 3197 733 3258 et
777 3209 924 3259 numero
960 3187 1098 3259 videtur
1139 3198 1164 3258 ².
1203 3190 1285 3282 lpsa
1324 3188 1416 3258 enim
1453 3187 1596 3281 propria

428 3301 611 3397 privilegia
634 3299 766 3386 habuit,
793 3300 1026 3394 propriosque
1050 3299 1151 3394 quasi
1167 3300 1394 3392 magistratus
1416 3306 1451 3370 et
1468 3298 1591 3384 duces,

428 3418 519 3486 inter
559 3435 647 3508 quos
684 3411 866 3505 praecipue
902 3412 1112 3490 ,eminebant
1156 3413 1293 3483 Rector
1328 3423 1432 3506 atque
1473 3409 1595 3480 Abbas

429 3525 685 3602 astudentibus
728 3522 844 3594 electi.
882 3523 993 3594 Paulo
1027 3531 1108 3594 ante
1143 3523 1273 3594 natalia
1308 3522 1448 3609 Christi,
1488 3521 1596 3592 fiebat

429 3660 549 3712 coram
569 3635 775 3707 Primicerio
791 3643 826 3705 et
840 3635 1046 3727 regentibus
1071 3634 1208 3722 electio,
1233 3635 1355 3729 inqua
1376 3634 1491 3704 minus
1510 3633 1596 3703 doc-

427 3752 518 3822 trina
532 3759 567 3819 et
582 3747 763 3839 diligentia
781 3769 879 3839 saepe
898 3747 1158 3840 quaerebantur,
1184 3769 1289 3840 quam
1307 3753 1473 3840 quantum
1499 3744 1595 3839 quis-

430 3886 497 3960 que
524 3859 686 3955 pecuniae
714 3858 865 3928 libenter
892 3857 1098 3950 impendere
1128 3866 1264 3949 posset.
1299 3857 1410 3927 Facto
1439 3856 1590 3954 delectu,

429 3997 520 4047 novo
543 3971 692 4044 Rectori
720 3969 895 4062 extemplo
925 3968 1067 4039 sodales
1094 3968 1370 4061 gratulabantur,
1403 3967 1471 4062 qui,
1502 3976 1597 4060 post-

430 4109 534 4184 quam
559 4083 788 4174 Prolegatum
813 4103 892 4151 cum
919 4079 1125 4150 Primicerio
1152 4087 1186 4149 et
1210 4088 1360 4174 quatuor
1390 4078 1596 4171 regentibus

429 4199 609 4282 inviserat,
646 4195 787 4264 domum
811 4191 1059 4262 reducebatur.
1089 4191 1225 4262 Rector
1255 4189 1468 4262 studentium
1497 4188 1600 4260 simul

432 4333 511 4384 cum
530 4307 628 4379 titulo
651 4305 868 4400 provinciam
895 4302 1118 4396 capessebat,
1136 4301 1172 4372 in
1193 4324 1262 4398 qua
1285 4324 1356 4374 non
1381 4300 1494 4373 solum
1513 4322 1600 4373 cura

470 4600 494 4652 l.
511 4599 677 4664 Cunncouo„
692 4602 766 4652 Nou.
780 4598 854 4666 disq.
874 4599 940 4664 leq„
955 4609 979 4650 c.
994 4595 1097 4652 XVII„
1114 4609 1140 4662 p.
1159 4595 1250 4647 76-81.

469 4690 495 4741 ἓ.
511 4684 644 4752 l'uausor,
661 4687 736 4738 Hist.
752 4700 794 4736 ms
810 4683 952 4751 dilutum,
971 4685 988 4732 t.
1007 4678 1026 4744 l,
1043 4675 1064 4730 l⁰
1080 4681 1140 4734 llS.
