3676 5592
661 573 823 622 ursromoa
845 573 1058 628 incusatum.
1402 553 1440 621 43

276 700 378 786 peste
408 701 582 788 correptae
606 702 748 766 strenue
772 696 954 783 succurrit,
977 693 1131 789 propriae
1152 691 1273 766 salutis
1296 691 1436 764 oblitus.

276 807 366 877 Dum
388 813 610 900 aegrotantes.
628 808 779 880 maxima
803 831 882 878 cum
901 807 1080 900 diligentia
1098 807 1260 878 incautus
1284 814 1433 892 curaret,

275 919 353 1012 ipse
378 918 526 990 terribili
541 919 663 990 morbo
681 919 854 1007 occubuit,
875 941 1010 991 summa
1036 941 1099 1012 spe
1118 917 1250 1010 ingenii
1269 917 1438 1010 praeditus

270 1031 425 1124 juvenis,
450 1029 508 1126 qui
524 1031 785 1102 laudatissimos
807 1031 991 1102 medicinae
1007 1030 1208 1124 magistrer,
1239 1029 1314 1100 sine
1334 1029 1437 1099 dubio
1546 1115 1549 1122 Ι

278 1150 467 1238 aequasset,
487 1143 555 1214 nisi
571 1165 667 1214 mors
685 1143 870 1215 immatura
885 1166 965 1214 eum
981 1142 1185 1214 abstulisset
1205 1152 1228 1212 ¹.
1246 1140 1317 1212 Sub
1332 1139 1437 1212 finem

277 1255 367 1325 sexti
390 1255 516 1326 decimi
532 1255 655 1325 saeculi
669 1277 797 1325 novum
817 1263 913 1326 certe
933 1255 1042 1325 decus
1057 1253 1285 1324 Universitati
1308 1252 1438 1346 adjecit

274 1366 405 1460 inclyta
431 1367 491 1438 illa
520 1365 760 1437 Guillenorum
790 1377 800 1404 ’
831 1366 979 1454 familia,
1019 1395 1034 1431 α
1069 1365 1105 1435 in
1137 1388 1205 1460 qua
1235 1372 1352 1458 pater,
1391 1363 1438 1434 ait
1532 1391 1536 1398 ·

275 1477 508 1565 Valladerius,
530 1500 695 1572 proavus,
717 1478 864 1566 abavus,
885 1486 1019 1566 atavus,
1044 1477 1202 1564 tritavus,
1223 1485 1257 1549 et
1269 1476 1324 1546 avi
1341 1499 1436 1568 prae·
1474 1507 1479 1516 ·

274 1597 372 1662 terea
394 1589 523 1660 fratres
546 1590 626 1676 duo,
651 1589 816 1661 continua
834 1590 1062 1661 successione
1084 1589 1212 1660 medici
1233 1588 1433 1660 extiterunt.

274 1700 355 1772 Non
378 1701 436 1796 qui
459 1724 503 1772 ex
526 1702 621 1773 circo
650 1701 764 1774 solent
790 1702 1069 1789 circumforanei,
1101 1708 1160 1772 aut
1184 1699 1431 1796 quadrantarii,

276 1821 334 1884 aut
369 1813 412 1884 de
448 1813 565 1908 lapide
601 1813 717 1908 empti,
765 1814 830 1884 sed
858 1836 981 1886 omnes
1017 1814 1063 1886 ad
1100 1836 1206 1884 unum
1234 1811 1293 1883 illa
1323 1810 1437 1904 gloria

274 1925 520 2017 praecellentes
536 1924 547 1962 ³
564 1954 598 1996 ».

321 2035 369 2106 At
393 2036 554 2131 sequenti
578 2036 721 2109 ineunte
746 2036 878 2108 saeculo
905 2059 1029 2108 rursus
1054 2035 1229 2108 medicina
1253 2034 1436 2107 Avenione

276 2145 443 2239 elanguit.
463 2148 625 2243 Namque
641 2147 735 2219 circa
754 2170 881 2219 annum
899 2147 1002 2235 loca,
1017 2178 1018 2183 ¹
1033 2148 1181 2242 septimo
1205 2147 1322 2240 pontis
1340 2145 1436 2218 Ave-

275 2258 454 2329 nionensis
479 2281 564 2330 arcu
589 2261 706 2353 rupto',
725 2260 819 2330 omni
841 2259 956 2332 statim
977 2259 1188 2331 commercio
1209 2268 1243 2330 et
1268 2258 1437 2330 societate

275 2392 354 2439 cum
382 2368 559 2442 Occitanis
586 2371 725 2464 populis
753 2371 838 2442 urbs
866 2371 1042 2464 prohibita
1067 2379 1131 2457 est,
1161 2379 1196 2442 et
1218 2369 1437 2441 Avenionem

275 2481 448 2574 emigrare
477 2482 635 2554 studiosa
660 2490 733 2553 tum
761 2483 915 2554 cessavit
936 2483 1115 2576 juventus,
1150 2505 1229 2578 quae
1257 2481 1438 2552 dexteram

275 2592 442 2663 Rhodani
455 2593 567 2687 ripam
585 2593 774 2682 incolebat.
796 2595 881 2665 ldeo
902 2594 1010 2681 curia,
1030 2617 1075 2665 ne
1095 2593 1218 2680 civitas
1237 2615 1258 2665 a
1274 2592 1437 2665 scholas-

274 2703 352 2774 ticis
374 2704 610 2792 desereretur,
635 2729 747 2777 novos
773 2705 913 2798 publico
943 2713 1082 2798 sumptu
1108 2705 1274 2776 conduxit
1295 2703 1436 2797 profes-

277 2837 387 2903 sores,
413 2839 500 2912 quos
515 2816 605 2887 inter
619 2817 808 2888 Medicinae
826 2825 974 2912 quatuor
991 2816 1181 2909 magistros
1195 2814 1220 2886 4.
1236 2815 1435 2910 Adjuvante

275 2928 421 3020 egregia
441 2927 500 2999 illa
515 2927 664 3000 civitatis
678 2928 898 3016 liberalitate,
918 2928 1046 3000 florere
1061 2929 1187 2998 iterum
1203 2929 1309 3021 coepit
1322 2927 1436 2997 Medi-

272 3039 361 3110 cinae
381 3039 560 3112 Facultas.
585 3040 776 3136 Dionysius
802 3041 893 3111 enim
915 3039 1144 3128 Christianus,
1175 3040 1233 3135 qui
1254 3049 1326 3109 tum
1343 3039 1434 3110 forte

270 3150 419 3235 vivebat,
447 3175 514 3222 usu
542 3159 577 3222 et
603 3151 763 3223 doctrina
791 3175 870 3223 cum
899 3149 1070 3223 Guillenis
1093 3151 1175 3244 jure
1197 3151 1433 3222 conferendus

271 3269 345 3334 erat
358 3261 384 3332 ⁵.
400 3261 564 3333 Andreas
585 3263 689 3334 etiam
711 3263 932 3350 Laurentius,
960 3262 1211 3334 celeberrimus
1230 3262 1427 3354 chirurgus,

269 3371 316 3444 ita
334 3383 408 3444 arte
424 3373 556 3460 enituit,
571 3381 609 3443 ut
626 3374 773 3445 Henrioi
788 3375 849 3462 IV,
866 3372 1058 3445 Galliarum
1072 3373 1181 3466 regis,
1198 3373 1313 3444 factus
1327 3373 1432 3444 fuerit

268 3484 439 3556 medicus
459 3485 632 3557 Discessu
659 3485 744 3557 tanti
773 3485 838 3557 viri
867 3507 924 3557 ars
952 3485 1099 3557 curandi
1120 3485 1296 3556 civitatem
1317 3484 1432 3577 ipsam

268 3596 471 3668 deseruisse
503 3597 699 3669 videbatur.
736 3597 808 3668 Sed
840 3597 970 3692 aliquot
1000 3605 1082 3690 post
1110 3596 1210 3668 annis
1240 3596 1430 3668 Medicinae

268 3707 391 3780 decem
408 3717 443 3780 et
458 3717 537 3780 octo
553 3709 712 3802 magistri
725 3708 908 3780 Avenione
923 3709 1197 3780 numerabantur
1207 3706 1233 3778 ⁶.

302 3979 327 4030 l.
343 3977 419 4033 Bias.
435 3982 509 4034 Dtct.
521 4009 556 4021 —
566 3977 636 4036 llors
652 3979 763 4036 Antonii
778 3981 806 4034 in
823 3977 961 4050 epitaphio
974 3977 1013 4034 sic
1029 3978 1160 4053 lugetur:

441 4089 556 4147 Auferor
571 4090 716 4148 antediem
733 4106 739 4146 :
754 4091 829 4163 quod
844 4090 866 4146 si
882 4089 949 4146 mihi
963 4090 1072 4164 longior
1087 4096 1161 4157 aetas,

511 4175 670 4248 AEquassem
686 4175 771 4233 Coum
787 4175 1041 4250 Pergamenumque
1056 4191 1161 4231 senem.

299 4287 327 4340 2.
340 4285 375 4342 ue
386 4287 558 4343 nobilissima
569 4289 615 4344 illa
624 4297 706 4363 gente
715 4288 777 4346 vide
789 4287 998 4345 Nostradamum
1009 4287 1037 4342 in
1049 4287 1171 4344 historiis
1181 4288 1214 4344 ad
1226 4288 1353 4362 paginam
1364 4290 1425 4342 4⁵0.

299 4375 326 4425 3.
341 4372 472 4439 Vennum,
486 4375 553 4429 toto.

300 4457 325 4512 4.
341 4457 480 4527 Tuussrun,
497 4461 574 4514 Hist.
589 4477 631 4513 ms
648 4461 771 4530 d'Aoi9.‚
788 4467 807 4514 t.
825 4459 858 4529 ll,
873 4457 894 4513 f⁰
907 4461 968 4514 2l3.

299 4546 325 4595 5.
340 4541 466 4608 Vicina,
484 4545 550 4599 ibid.

299 4629 325 4681 6.
343 4625 473 4692 Vannio„
490 4630 557 4684 ibid.
571 4660 607 4670 -
620 4627 827 4698 Nosrpaonuus,
844 4633 920 4684 Htst.
938 4631 972 4686 de
986 4635 1086 4696 Pron„
1104 4645 1131 4702 p.
1148 4629 1210 4692 743.
1225 4658 1260 4670 -
1274 4629 1358 4683 Mem.
1374 4645 1428 4686 sur

265 4714 368 4776 l'Uur'o,
383 4715 474 4776 d'Ao„
491 4713 512 4767 f⁰
529 4717 588 4776 llo,
