3676 5592
666 1149 977 1327 PROLUSIO
1072 1253 1073 1258 ‘

294 2109 390 2182 Nihil
408 2109 592 2197 hactenus,
616 2117 675 2181 aut
697 2109 773 2184 fere
798 2110 894 2199 nihil,
924 2109 968 2181 de
996 2137 1012 2174 u
1028 2101 1161 2181 celebri
1178 2117 1214 2179 et
1229 2108 1374 2203 fumoso
1392 2139 1408 2175 »

242 2219 435 2293 Avenionis
476 2221 716 2295 Universitate
764 2224 801 2296 in
836 2223 941 2295 diem
976 2220 1153 2315 proditum
1200 2229 1267 2292 est.
1315 2223 1411 2292 Inter
1486 2227 1488 2236 '

243 2342 409 2406 recentes
443 2342 619 2422 auctores,
662 2335 718 2406 vix
744 2358 835 2406 unus
860 2345 882 2423 ¹,
921 2342 980 2406 aut
1009 2331 1097 2404 alter
1130 2343 1152 2420 ²,
1183 2331 1227 2403 de
1262 2355 1305 2404 ea
1332 2356 1413 2427 per-

241 2467 359 2538 pauca
377 2445 506 2538 attigit
542 2468 550 2516 :
589 2446 682 2518 inter
723 2455 864 2519 veteres
901 2445 1033 2518 Paulus
1068 2443 1328 2532 Gadecombus,
1374 2446 1412 2516 in

242 2557 395 2652 quodam
435 2557 675 2651 manuscripto
719 2558 742 2647 ³,
784 2560 880 2656 quod·
915 2557 1013 2644 mihi,
1053 2555 1151 2628 varia
1185 2555 1409 2628 bibliothecae

240 2667 500 2740 Aveuionensis
527 2669 703 2742 volumina
733 2669 973 2764 pertractanti,
1001 2668 1092 2739 forte
1121 2668 1284 2756 occurrit,
1312 2676 1346 2739 et
1376 2669 1412 2739 in

239 2777 329 2851 libro
359 2779 418 2875 qui
448 2780 651 2851 inscribitur
684 2805 691 2853 :
720 2782 829 2852 Noua
853 2778 1052 2876 disquisitio
1083 2779 1220 2873 lupulis,
1249 2802 1339 2850 unus
1367 2781 1411 2851 de

239 2890 445 2963 Academiae
463 2900 598 2963 nostrae
619 2893 755 2986 origine
772 2903 806 2965 et
824 2893 868 2964 de
885 2889 1142 2964 illustrioribus
1162 2891 1279 2986 legum
1294 2891 1409 2963 iuter-

237 3002 415 3100 pretibus,
450 3003 572 3098 quiin
606 3027 649 3076 ea
679 3005 884 3092 floruerunt,
919 3003 1005 3075 satis
1037 3002 1183 3096 copiose
1227 3003 1406 3075 disseruit.

240 3116 277 3186 Is
303 3123 432 3202 tamen,
469 3138 669 3211 quanquam
706 3118 759 3187 vir
792 3116 1029 3202 doctissimus,
1061 3114 1147 3185 nihil
1180 3115 1223 3186 de
1258 3116 1410 3188 Littera-

239 3249 332 3314 rum,
373 3226 634 3325 Medicinaeque
674 3252 716 3300 ac
755 3229 963 3321 Theologiae
1009 3226 1250 3298 Facultatibus
1291 3228 1410 3300 dicere

240 3360 437 3432 aggressus
468 3347 532 3426 est,
564 3339 638 3411 sive
658 3340 985 3436 jurisprudentiam,
1011 3338 1046 3409 in
1066 3361 1134 3434 qua
1148 3338 1226 3432 ipse
1240 3339 1405 3433 pollebat,

239 3450 417 3521 mentione
434 3451 674 3523 tantummodo
691 3452 833 3545 dignam
851 3451 1112 3538 existimaverit,
1140 3439 1215 3522 sive
1233 3439 1411 3546 inceptum

241 3584 342 3656 opus,
365 3570 424 3632 aut
443 3560 576 3633 laboris
596 3563 714 3651 taedi0,
735 3571 794 3635 aut
808 3563 927 3658 inopia
946 3562 1017 3650 otii,
1043 3571 1103 3633 aut
1120 3562 1410 3634 documentorum
1503 3561 1506 3568 ’

240 3673 389 3769 penuria
398 3673 598 3769 relinquere
610 3684 755 3747 coactus
765 3675 884 3747 fuerit.
902 3675 979 3747 Nos
990 3675 1096 3768 igitur
1106 3673 1405 3764 remintentatam,

242 3795 301 3858 aut
317 3785 495 3874 infectam,
517 3787 761 3880 redintegrare
785 3787 902 3858 conati
926 3809 1058 3874 sumus,
1080 3786 1298 3880 atquehanc
1324 3787 1410 3858 Uni-

190 3943 192 3950 ,
244 3897 422 3968 versitatis
449 3896 710 3970 Avenionensis
738 3898 1040 3970 adumbrationem
1070 3897 1332 3986 delineavimus,
1368 3921 1411 3970 ea

214 4061 215 4068 κ
247 3995 311 4104 spe
334 4009 425 4096 freti,
453 4017 491 4080 ut
514 4010 663 4103 plurima
686 4011 733 4080 in·
748 4011 874 4099 lucem,
897 4034 1002 4106 quum
1027 4009 1166 4081 omnino
1185 4009 1316 4102 ignota,
1340 4018 1412 4081 tum

245 4113 370 4216 parum
394 4129 488 4209 nota,
518 4122 766 4214 producentes,
791 4145 861 4206 non
887 4122 999 4194 solum
1020 4120 1188 4214 voluptati
1210 4130 1342 4192 nostrae
1369 4143 1412 4194 ac

247 4233 402 4330 propriae
432 4233 629 4322 eruditioni,
659 4235 724 4306 sed
746 4234 840 4306 docti
862 4235 1035 4328 cujusque
1062 4232 1127 4302 viri
1150 4231 1288 4303 utilitati
1307 4233 1412 4304 ctiam

288 4482 312 4536 l.
327 4478 375 4538 Cb.
390 4482 500 4551 Pisais,
517 4486 603 4541 Etuts
615 4487 719 4557 pontis.
737 4484 770 4541 de
784 4488 896 4540 Frunce
910 4500 950 4540 uu
961 4491 1016 4538 rvr
1028 4485 1122 4544 ste‘cte,
1138 4501 1165 4556 p.
1181 4485 1224 4538 to.

286 4569 312 4621 2.
331 4568 476 4638 barinum,
495 4574 618 4626 Dictiou.
638 4575 705 4627 bist.
721 4574 815 4641 blopr.
832 4579 860 4624 et
874 4573 1006 4640 bibliogr.
1020 4571 1059 4626 du
1073 4571 1184 4641 depurt.
1203 4571 1237 4625 de
1258 4569 1410 4626 Vuucluse.

287 4655 314 4709 3.
330 4657 373 4711 De
383 4659 526 4726 primoeua
540 4660 621 4713 Unio.
635 4663 726 4714 Auca.
740 4659 893 4712 erectione.
