3676 5592
581 533 583 538 ·
643 527 807 574 uterorum
828 527 1039 574 auuuausrio.
1242 507 1246 515 ’
1380 499 1425 570 254

237 622 241 634 ’
252 645 344 742 juris
360 670 462 743 aeque
483 648 585 742 periti
603 648 772 722 Ludovioi
795 648 968 722 Bernardi
989 647 1137 746 Ruperii
1153 646 1237 723 illud
1258 645 1417 720 testimo.

256 761 350 834 uium
365 760 537 836 habemus
556 784 563 832 :

468 977 562 1034 Mersit
574 994 604 1034 se
618 989 694 1035 uasto
706 977 893 1038 Gadecombus
909 983 937 1034 in
953 995 1064 1053 aequore
1079 980 1169 1054 legum
1184 996 1191 1034 ι

504 1063 632 1122 Emersus
647 1064 754 1136 cupidis
771 1075 848 1138 rapta
860 1065 962 1124 corella
977 1066 1052 1123 dedit
1068 1067 1087 1122 ¹.

305 1260 477 1334 Laudavit
502 1270 537 1332 et
564 1261 823 1334 Cadecombum
853 1263 1033 1356 Josephus
1066 1262 1412 1350 Crozetus-Buisson‚

257 1373 381 1446 doctor
415 1373 664 1445 Universitatis
698 1375 918 1467 collegiatus,
954 1375 1021 1470 qui,
1053 1398 1174 1446 musas
1202 1385 1240 1444 ut
1269 1375 1411 1459 coleret,

254 1485 357 1577 leges
380 1485 558 1578 paululum
582 1487 714 1579 saepius
742 1487 899 1582 reliquit;
926 1488 961 1556 in
989 1510 1056 1582 quo
1085 1510 1165 1558 eum
1191 1487 1313 1558 imitati
1338 1496 1418 1556 sunt

257 1596 396 1694 quidam
429 1595 488 1667 alii
522 1598 637 1669 octavi
669 1598 796 1668 decimi
834 1598 956 1669 saeculi
983 1598 1230 1691 jurisconsulti
1260 1598 1417 1670 Arenio-

254 1730 385 1779 nenses
402 1718 427 1778 ².
445 1709 500 1779 Ex
512 1710 655 1797 ceteris,
677 1711 735 1804 qui
747 1711 809 1803 jus
825 1710 927 1782 unice
943 1710 1182 1798 excoluerunt,
1206 1709 1320 1804 major
1334 1733 1416 1803 pars

255 1820 468 1891 obscuritate
488 1843 552 1891 sua
569 1821 706 1891 videtur
729 1843 916 1914 oppressa.
943 1822 1080 1892 Horum
1102 1822 1160 1891 vix
1184 1821 1251 1892 tria
1276 1821 1417 1892 nomina

255 1941 405 2018 exstant,
420 1919 423 1924 ¹
439 1931 461 2002 J
465 1916 621 2024 osephus
652 1932 794 2015 Poulle,
829 1932 1417 2028 Gabriel-loannes-Raymundus

255 2043 438 2126 Oliverius‚
476 2052 511 2114 et
535 2043 908 2136 Josephus-Siffredus
937 2045 1123 2127 Soluntum,
1149 2067 1296 2140 quorum
1323 2045 1418 2115 fama

248 2155 311 2226 rix
328 2155 485 2248 regionis
501 2163 535 2226 et
554 2155 703 2226 civitatis
725 2178 800 2226 suae
819 2155 908 2227 fines
927 2156 1082 2227 excessit
1094 2155 1127 2226 ·³.
1150 2157 1203 2227 Ea
1216 2157 1293 2250 jam
1312 2165 1416 2227 aetate

254 2267 390 2359 Legum
407 2267 573 2338 Facultas
593 2266 820 2338 obsolescere
840 2267 963 2361 coepit3
976 2268 1251 2339 Universitatem
1261 2268 1416 2339 Arenio-

253 2401 400 2449 nensem
417 2378 522 2449 claris
543 2378 720 2449 viduatam
740 2379 956 2466 doctoribus
983 2402 1131 2474 quorum
1153 2371 1268 2472 gratia
1286 2380 1419 2450 enitue-

254 2498 318 2576 rat,
342 2489 575 2560 deseruerunt
600 2489 793 2576 studentes,
819 2499 854 2560 et
874 2490 1108 2583 peritissimos
1131 2491 1322 2583 magistros
1349 2491 1417 2561 alio

255 2601 482 2700 quaesierunt.
525 2601 618 2672 Nam
663 2601 1238 2696 Dionysius-Francisous-Regis,
1274 2601 1416 2672 Vuloris

252 2711 390 2784 Almam
403 2720 586 2806 parentem
600 2711 830 2785 Academiam
844 2711 1188 2800 Aveuioneusem,'in
1207 2735 1275 2809 qua
1293 2713 1416 2784 docto-

253 2823 363 2895 ralem
385 2824 543 2896 lauream
568 2834 768 2916 acceperat,
798 2825 898 2917 fugit,
922 2835 958 2894 ut
979 2825 1131 2896 Romam
1150 2824 1417 2896 celeberrimum

212 2935 214 2942 '
253 2935 450 3011 Gaetanum
468 2934 577 3009 Furti
599 2935 711 3009 adiret
725 2933 751 3008 ⁴.
773 2935 875 3008 Multi
893 2959 1043 3034 quoque,
1067 2945 1105 3008 ut
1122 2936 1301 3030 conjicere
1319 2937 1411 3024 licet,

287 3227 312 3284 l.
333 3225 419 3296 Bina,
433 3229 511 3281 Dict.

287 3314 313 3366 a.
334 3313 407 3366 retu.
948 3371 951 3378 ,

282 3400 308 3450 3.
329 3397 401 3450 ibid.
418 3395 518 3452 llultos
533 3394 644 3467 quidem
659 3397 732 3454 inter
745 3398 866 3470 aequales
883 3413 948 3452 suos
964 3397 1089 3453 nominat
1104 3395 1203 3451 Paulus
1218 3394 1414 3452 Cadecombus.

248 3480 392 3536 Dominum
407 3481 596 3554 d’Honorotp,
613 3482 661 3553 qui
679 3487 722 3538 uti
743 3485 834 3556 sydus
855 3483 1038 3552 splendidum
1060 3485 1136 3536 inter
1152 3489 1273 3534 coeteros
1295 3481 1413 3540 relucet,

247 3565 421 3622 Franciscum
436 3568 471 3621 de
488 3569 588 3627 Tacite,
605 3566 694 3622 virum
709 3571 834 3623 seientia
856 3575 883 3622 et
900 3571 1074 3622 maturitate
1087 3568 1194 3635 judicii
1213 3567 1416 3620 commendan-

248 3652 324 3711 dum,
343 3650 533 3706 «ludovicum
547 3650 692 3706 Hauricum
707 3655 741 3708 de
756 3657 858 3724 Gupon
872 3651 947 3707 Rotae
959 3653 1091 3708 Arenion.
1104 3651 1238 3706 decanum
1247 3649 1275 3704 in
1287 3649 1415 3705 omnibus

247 3734 319 3790 civili
336 3734 482 3806 prudentia
494 3734 643 3807 insignem,
660 3735 810 3808 losephum
824 3740 901 3790 Isor'r
921 3735 1056 3792 eruditum
1078 3743 1105 3790 et
1119 3735 1254 3808 singulari
1269 3733 1417 3806 prudentia

248 3827 384 3886 ornatum,
401 3819 514 3876 Paulum
536 3821 570 3875 de
592 3823 741 3876 Soloador
765 3821 841 3876 ltotae
864 3821 999 3876 Avenion.
1023 3820 1175 3876 auditorem
1199 3818 1414 3887 meritissimum,

247 3903 335 3960 tirum
351 3905 513 3960 conminus
531 3905 687 3980 integritate
701 3922 783 3978 quam
798 3906 955 3962 eruditione
971 3906 1164 3978 conspicuum,
1180 3903 1416 3961 loannem-Fran-

248 3990 350 4044 ciscum
367 3992 401 4045 de
416 3994 491 4062 Gap,
505 3989 666 4046 lliohaelem
683 3993 716 4046 de
732 3995 834 4045 Benoit
850 3991 924 4046 Rotae
940 3995 1025 4047 Aren.
1042 3991 1205 4053 auditorem,
1224 3988 1416 4044 Franciscum-

248 4073 353 4129 Sebast.
381 4078 491 4134 calcet,
518 4075 671 4147 Philippum
695 4063 728 4130 ule
752 4080 832 4130 Tulle
861 4077 1025 4131 canonicum
1051 4075 1175 4131 ecclesiae
1199 4073 1416 4145 Metropolitanee

248 4161 344 4225 Auen„
360 4159 496 4232 Ignatium
518 4161 552 4214 de
576 4164 679 4215 Benott
704 4176 753 4232 pro
781 4170 902 4232 tempore
926 4160 1100 4216 Primiocrios
1115 4168 1173 4215 tum
1197 4158 1340 4214 nobilitate
1358 4168 1415 4213 tum

249 4243 373 4298 doctrina
386 4243 517 4308 illustres,
539 4245 662 4317 aliosque
685 4246 767 4314 hujus
789 4245 881 4300 saeculi
908 4261 964 4302 non
987 4246 1103 4302 minoris
1126 4244 1205 4300 famae
1224 4253 1305 4316 atque
1321 4243 1416 4299 erudi-

250 4327 343 4392 tionis,
357 4328 404 4399 qui
420 4328 528 4400 publice
543 4332 684 4386 avenione
695 4331 756 4400 jura
770 4327 886 4403 professi
900 4331 943 4386 vel
957 4330 1139 4402 interpretati,
1153 4338 1333 4384 monumenta
1344 4329 1416 4399 typis
1441 4366 1443 4372 t

248 4410 402 4478 ediderunt,
420 4412 532 4484 quibus,
549 4414 621 4468 uelut
641 4429 674 4469 ex
693 4431 786 4488 ungue
808 4414 903 4470 leones
924 4424 950 4470 et
965 4415 1038 4470 vires
1053 4413 1143 4469 metiri
1175 4413 1239 4468 licet
1253 4429 1287 4468 ex
1306 4427 1414 4484 aequo»

247 4495 419 4565 (cadecombi
435 4497 468 4551 de
483 4497 565 4567 prim.
584 4497 662 4558 Univ.
689 4499 821 4556 erection.
845 4496 1074 4578 fragmentorum
1090 4497 1231 4556 volumine
1253 4497 1298 4554 oui
1320 4497 1417 4554 titulus

250 4584 330 4636 Unio.
345 4583 466 4652 d'Aot'p„
482 4581 647 4654 t.l.3Ht'st.,
666 4583 688 4640 ΓΟ
703 4586 756 4658 45).
797 4579 799 4584 ’
1088 4596 1090 4602 ’

205 4669 209 4677 ’
283 4670 308 4720 t.
331 4665 419 4732 Bisa,
438 4670 512 4724 Dict.
