<?xml version="1.0" encoding="UTF-8"?>
<!DOCTYPE html PUBLIC "-//W3C//DTD XHTML 1.0 Transitional//EN"
    "http://www.w3.org/TR/xhtml1/DTD/xhtml1-transitional.dtd">
<html xmlns="http://www.w3.org/1999/xhtml" xml:lang="en" lang="en">
 <head>
  <title>
</title>
<meta http-equiv="Content-Type" content="text/html;charset=utf-8" />
  <meta name='ocr-system' content='tesseract 3.04.00' />
  <meta name='ocr-capabilities' content='ocr_page ocr_carea ocr_par ocr_line ocrx_word'/>
</head>
<body>
  <div class='ocr_page' id='page_1' title='image "./universitatisav00bardgoog_0016.png"; bbox 0 0 3676 5592; ppageno 0'>
   <div class='ocr_carea' id='block_1_1' title="bbox 678 563 1552 648">
    <p class='ocr_par' dir='ltr' id='par_1_1' title="bbox 678 563 1552 648">
     <span class='ocr_line' id='line_1_1' title="bbox 678 563 1552 648; baseline -0.001 -18"><span class='ocrx_word' id='word_1_1' title='bbox 678 585 840 648; x_wconf 75' lang='lat' dir='ltr'>ruscorum</span> <span class='ocrx_word' id='word_1_2' title='bbox 863 575 1075 631; x_wconf 33' lang='lat' dir='ltr'>unumunurm,</span> <span class='ocrx_word' id='word_1_3' title='bbox 1441 563 1457 630; x_wconf 71' lang='lat' dir='ltr'>il</span> <span class='ocrx_word' id='word_1_4' title='bbox 1550 589 1552 594; x_wconf 54' lang='lat'><strong>⁴</strong></span> 
     </span>
    </p>
   </div>
   <div class='ocr_carea' id='block_1_2' title="bbox 293 703 1457 1363">
    <p class='ocr_par' dir='ltr' id='par_1_2' title="bbox 293 703 1457 1363">
     <span class='ocr_line' id='line_1_2' title="bbox 297 703 1456 800; baseline -0.003 -21"><span class='ocrx_word' id='word_1_5' title='bbox 297 706 430 796; x_wconf 87' lang='lat' dir='ltr'>studiis,</span> <span class='ocrx_word' id='word_1_6' title='bbox 452 705 711 786; x_wconf 82' lang='lat' dir='ltr'>Avenionensis</span> <span class='ocrx_word' id='word_1_7' title='bbox 728 729 749 777; x_wconf 91' lang='lat' dir='ltr'>a</span> <span class='ocrx_word' id='word_1_8' title='bbox 768 706 893 777; x_wconf 84' lang='lat' dir='ltr'>Garolo</span> <span class='ocrx_word' id='word_1_9' title='bbox 912 706 1068 778; x_wconf 89' lang='lat' dir='ltr'>instituta</span> <span class='ocrx_word' id='word_1_10' title='bbox 1083 703 1288 792; x_wconf 74' lang='lat' dir='ltr'>Academia,</span> <span class='ocrx_word' id='word_1_11' title='bbox 1311 728 1416 800; x_wconf 90' lang='lat' dir='ltr'>quum</span> <span class='ocrx_word' id='word_1_12' title='bbox 1436 727 1456 776; x_wconf 89' lang='lat' dir='ltr'>a</span> 
     </span>
     <span class='ocr_line' id='line_1_3' title="bbox 293 818 1456 913; baseline -0.004 -22"><span class='ocrx_word' id='word_1_13' title='bbox 293 821 476 892; x_wconf 84' lang='lat' dir='ltr'>Bonifacio</span> <span class='ocrx_word' id='word_1_14' title='bbox 491 821 578 890; x_wconf 85' lang='lat' dir='ltr'>VIII</span> <span class='ocrx_word' id='word_1_15' title='bbox 596 819 732 891; x_wconf 90' lang='lat' dir='ltr'>titulum</span> <span class='ocrx_word' id='word_1_16' title='bbox 756 818 992 889; x_wconf 89' lang='lat' dir='ltr'>universitatis</span> <span class='ocrx_word' id='word_1_17' title='bbox 1016 841 1197 913; x_wconf 85' lang='lat' dir='ltr'>novasque</span> <span class='ocrx_word' id='word_1_18' title='bbox 1220 818 1456 888; x_wconf 90' lang='lat' dir='ltr'>immunitates</span> 
     </span>
     <span class='ocr_line' id='line_1_4' title="bbox 295 929 1456 1026; baseline -0.003 -24"><span class='ocrx_word' id='word_1_19' title='bbox 295 933 443 1026; x_wconf 85' lang='lat' dir='ltr'>accepit.</span> <span class='ocrx_word' id='word_1_20' title='bbox 462 932 548 1014; x_wconf 82' lang='lat' dir='ltr'>Quae</span> <span class='ocrx_word' id='word_1_21' title='bbox 564 952 711 1001; x_wconf 90' lang='lat' dir='ltr'>munera</span> <span class='ocrx_word' id='word_1_22' title='bbox 729 929 946 1017; x_wconf 71' lang='lat' dir='ltr'>Bonifacins</span> <span class='ocrx_word' id='word_1_23' title='bbox 966 938 1081 1015; x_wconf 85' lang='lat' dir='ltr'>utrum</span> <span class='ocrx_word' id='word_1_24' title='bbox 1098 929 1250 1023; x_wconf 88' lang='lat' dir='ltr'>propriis</span> <span class='ocrx_word' id='word_1_25' title='bbox 1269 929 1359 1000; x_wconf 90' lang='lat' dir='ltr'>ultro</span> <span class='ocrx_word' id='word_1_26' title='bbox 1382 943 1456 1000; x_wconf 89' lang='lat' dir='ltr'>stu-</span> 
     </span>
     <span class='ocr_line' id='line_1_5' title="bbox 295 1041 1451 1135; baseline -0.004 -20"><span class='ocrx_word' id='word_1_27' title='bbox 295 1045 371 1132; x_wconf 79' lang='lat' dir='ltr'>dtis,</span> <span class='ocrx_word' id='word_1_28' title='bbox 388 1066 433 1115; x_wconf 89' lang='lat' dir='ltr'>an</span> <span class='ocrx_word' id='word_1_29' title='bbox 443 1043 743 1116; x_wconf 83' lang='lat' dir='ltr'>Aveniouensium</span> <span class='ocrx_word' id='word_1_30' title='bbox 758 1050 792 1112; x_wconf 93' lang='lat' dir='ltr'>et</span> <span class='ocrx_word' id='word_1_31' title='bbox 805 1041 920 1115; x_wconf 81' lang='lat' dir='ltr'>Caroli</span> <span class='ocrx_word' id='word_1_32' title='bbox 935 1042 1031 1134; x_wconf 89' lang='lat' dir='ltr'>regis</span> <span class='ocrx_word' id='word_1_33' title='bbox 1044 1043 1210 1135; x_wconf 91' lang='lat' dir='ltr'>precibus</span> <span class='ocrx_word' id='word_1_34' title='bbox 1222 1041 1451 1125; x_wconf 76' lang='lat' dir='ltr'><strong>concesserit,</strong></span> 
     </span>
     <span class='ocr_line' id='line_1_6' title="bbox 294 1153 1457 1248; baseline -0.004 -21"><span class='ocrx_word' id='word_1_35' title='bbox 294 1156 336 1228; x_wconf 88' lang='lat' dir='ltr'>ab</span> <span class='ocrx_word' id='word_1_36' title='bbox 371 1155 548 1227; x_wconf 89' lang='lat' dir='ltr'>historicis</span> <span class='ocrx_word' id='word_1_37' title='bbox 579 1155 763 1248; x_wconf 90' lang='lat' dir='ltr'>ignoratur</span> <span class='ocrx_word' id='word_1_38' title='bbox 787 1163 810 1222; x_wconf 91' lang='lat'>¹.</span> <span class='ocrx_word' id='word_1_39' title='bbox 844 1153 922 1224; x_wconf 92' lang='lat' dir='ltr'>Nos</span> <span class='ocrx_word' id='word_1_40' title='bbox 949 1163 1065 1224; x_wconf 85' lang='lat' dir='ltr'>autem</span> <span class='ocrx_word' id='word_1_41' title='bbox 1093 1163 1256 1245; x_wconf 88' lang='lat' dir='ltr'>putamus</span> <span class='ocrx_word' id='word_1_42' title='bbox 1285 1173 1457 1223; x_wconf 91' lang='lat' dir='ltr'>summum</span> 
     </span>
     <span class='ocr_line' id='line_1_7' title="bbox 295 1264 1244 1363; baseline -0.003 -25"><span class='ocrx_word' id='word_1_43' title='bbox 295 1267 502 1338; x_wconf 88' lang='lat' dir='ltr'>Pontificem</span> <span class='ocrx_word' id='word_1_44' title='bbox 517 1275 664 1363; x_wconf 87' lang='lat' dir='ltr'>utraque</span> <span class='ocrx_word' id='word_1_45' title='bbox 681 1287 791 1338; x_wconf 88' lang='lat' dir='ltr'>causa</span> <span class='ocrx_word' id='word_1_46' title='bbox 806 1265 850 1337; x_wconf 84' lang='lat' dir='ltr'>ad</span> <span class='ocrx_word' id='word_1_47' title='bbox 866 1264 901 1335; x_wconf 94' lang='lat' dir='ltr'>id</span> <span class='ocrx_word' id='word_1_48' title='bbox 917 1265 1105 1358; x_wconf 92' lang='lat' dir='ltr'>impulsum</span> <span class='ocrx_word' id='word_1_49' title='bbox 1119 1264 1244 1335; x_wconf 88' lang='lat' dir='ltr'>fuisse.</span> 
     </span>
    </p>
   </div>
   <div class='ocr_carea' id='block_1_3' title="bbox 219 1389 1498 4164">
    <p class='ocr_par' dir='ltr' id='par_1_3' title="bbox 293 1389 1460 2604">
     <span class='ocr_line' id='line_1_8' title="bbox 343 1389 1458 1486; baseline -0.002 -24"><span class='ocrx_word' id='word_1_50' title='bbox 343 1393 539 1464; x_wconf 89' lang='lat' dir='ltr'>Occurrunt</span> <span class='ocrx_word' id='word_1_51' title='bbox 554 1392 646 1464; x_wconf 92' lang='lat' dir='ltr'>enim</span> <span class='ocrx_word' id='word_1_52' title='bbox 661 1391 861 1463; x_wconf 83' lang='lat' dir='ltr'>testimonia</span> <span class='ocrx_word' id='word_1_53' title='bbox 882 1391 1006 1486; x_wconf 90' lang='lat' dir='ltr'>quibus</span> <span class='ocrx_word' id='word_1_54' title='bbox 1024 1391 1182 1482; x_wconf 89' lang='lat' dir='ltr'>arguitur</span> <span class='ocrx_word' id='word_1_55' title='bbox 1196 1391 1259 1459; x_wconf 91' lang='lat' dir='ltr'>viri</span> <span class='ocrx_word' id='word_1_56' title='bbox 1277 1397 1312 1461; x_wconf 93' lang='lat' dir='ltr'>et</span> <span class='ocrx_word' id='word_1_57' title='bbox 1328 1389 1458 1460; x_wconf 90' lang='lat' dir='ltr'>studio-</span> 
     </span>
     <span class='ocr_line' id='line_1_9' title="bbox 296 1502 1458 1590; baseline -0.003 -15"><span class='ocrx_word' id='word_1_58' title='bbox 296 1505 436 1576; x_wconf 86' lang='lat' dir='ltr'>sissima</span> <span class='ocrx_word' id='word_1_59' title='bbox 463 1504 659 1577; x_wconf 86' lang='lat' dir='ltr'>liberalium</span> <span class='ocrx_word' id='word_1_60' title='bbox 684 1503 810 1574; x_wconf 89' lang='lat' dir='ltr'>artium</span> <span class='ocrx_word' id='word_1_61' title='bbox 833 1511 969 1590; x_wconf 88' lang='lat' dir='ltr'>natura,</span> <span class='ocrx_word' id='word_1_62' title='bbox 1001 1511 1036 1572; x_wconf 94' lang='lat' dir='ltr'>et</span> <span class='ocrx_word' id='word_1_63' title='bbox 1069 1504 1205 1574; x_wconf 89' lang='lat' dir='ltr'>summa</span> <span class='ocrx_word' id='word_1_64' title='bbox 1227 1503 1263 1572; x_wconf 93' lang='lat' dir='ltr'>in</span> <span class='ocrx_word' id='word_1_65' title='bbox 1285 1502 1458 1573; x_wconf 90' lang='lat' dir='ltr'>litteratos</span> 
     </span>
     <span class='ocr_line' id='line_1_10' title="bbox 295 1613 1457 1709; baseline 0.001 -25"><span class='ocrx_word' id='word_1_66' title='bbox 295 1617 389 1687; x_wconf 88' lang='lat' dir='ltr'>viros</span> <span class='ocrx_word' id='word_1_67' title='bbox 406 1617 665 1688; x_wconf 78' lang='lat' dir='ltr'>benevolentia.</span> <span class='ocrx_word' id='word_1_68' title='bbox 693 1616 792 1686; x_wconf 91' lang='lat' dir='ltr'>Idem</span> <span class='ocrx_word' id='word_1_69' title='bbox 816 1637 997 1686; x_wconf 81' lang='lat' dir='ltr'><strong>romanam</strong></span> <span class='ocrx_word' id='word_1_70' title='bbox 1015 1613 1245 1686; x_wconf 83' lang='lat' dir='ltr'>Academiam</span> <span class='ocrx_word' id='word_1_71' title='bbox 1264 1613 1457 1709; x_wconf 87' lang='lat' dir='ltr'>privilegiis</span> 
     </span>
     <span class='ocr_line' id='line_1_11' title="bbox 295 1725 1460 1822; baseline -0.003 -24"><span class='ocrx_word' id='word_1_72' title='bbox 295 1728 441 1814; x_wconf 79' lang='lat' dir='ltr'>ornavit,</span> <span class='ocrx_word' id='word_1_73' title='bbox 463 1728 696 1822; x_wconf 82' lang='lat' dir='ltr'>praestititque</span> <span class='ocrx_word' id='word_1_74' title='bbox 719 1727 782 1814; x_wconf 86' lang='lat' dir='ltr'>eis,</span> <span class='ocrx_word' id='word_1_75' title='bbox 808 1726 918 1821; x_wconf 87' lang='lat' dir='ltr'>quiin</span> <span class='ocrx_word' id='word_1_76' title='bbox 939 1748 982 1797; x_wconf 87' lang='lat' dir='ltr'>ea</span> <span class='ocrx_word' id='word_1_77' title='bbox 1001 1727 1183 1799; x_wconf 80' lang='lat' dir='ltr'>studerent</span> <span class='ocrx_word' id='word_1_78' title='bbox 1206 1725 1460 1820; x_wconf 74' lang='lat' dir='ltr'>beneficiorum</span> 
     </span>
     <span class='ocr_line' id='line_1_12' title="bbox 293 1833 1458 1934; baseline -0.002 -24"><span class='ocrx_word' id='word_1_79' title='bbox 293 1839 428 1910; x_wconf 81' lang='lat' dir='ltr'>fructus</span> <span class='ocrx_word' id='word_1_80' title='bbox 452 1839 701 1934; x_wconf 88' lang='lat' dir='ltr'>percipiendos</span> <span class='ocrx_word' id='word_1_81' title='bbox 718 1849 742 1908; x_wconf 89' lang='lat'>².</span> <span class='ocrx_word' id='word_1_82' title='bbox 772 1867 794 1902; x_wconf 89' lang='lat'>-«</span> <span class='ocrx_word' id='word_1_83' title='bbox 815 1839 893 1910; x_wconf 92' lang='lat' dir='ltr'>Nec</span> <span class='ocrx_word' id='word_1_84' title='bbox 921 1838 1026 1908; x_wconf 92' lang='lat' dir='ltr'>modo</span> <span class='ocrx_word' id='word_1_85' title='bbox 1054 1833 1199 1926; x_wconf 76' lang='lat' dir='ltr'>Romae,</span> <span class='ocrx_word' id='word_1_86' title='bbox 1229 1839 1293 1909; x_wconf 91' lang='lat' dir='ltr'>sed</span> <span class='ocrx_word' id='word_1_87' title='bbox 1317 1838 1352 1908; x_wconf 94' lang='lat' dir='ltr'>in</span> <span class='ocrx_word' id='word_1_88' title='bbox 1381 1837 1458 1908; x_wconf 88' lang='lat' dir='ltr'>aliis</span> 
     </span>
     <span class='ocr_line' id='line_1_13' title="bbox 296 1947 1453 2044; baseline -0.007 -23"><span class='ocrx_word' id='word_1_89' title='bbox 296 1951 400 2028; x_wconf 85' lang='lat' dir='ltr'>etiam</span> <span class='ocrx_word' id='word_1_90' title='bbox 415 1951 573 2033; x_wconf 85' lang='lat' dir='ltr'>urbibus,</span> <span class='ocrx_word' id='word_1_91' title='bbox 591 1958 628 2021; x_wconf 91' lang='lat' dir='ltr'>ut</span> <span class='ocrx_word' id='word_1_92' title='bbox 642 1949 761 2037; x_wconf 85' lang='lat' dir='ltr'>Firmi,</span> <span class='ocrx_word' id='word_1_93' title='bbox 781 1947 978 2043; x_wconf 86' lang='lat' dir='ltr'>Appameae</span> <span class='ocrx_word' id='word_1_94' title='bbox 994 1957 1029 2020; x_wconf 93' lang='lat' dir='ltr'>et</span> <span class='ocrx_word' id='word_1_95' title='bbox 1037 1948 1220 2021; x_wconf 87' lang='lat' dir='ltr'>Avenione</span> <span class='ocrx_word' id='word_1_96' title='bbox 1236 1949 1453 2044; x_wconf 88' lang='lat' dir='ltr'>gymnasia»</span> 
     </span>
     <span class='ocr_line' id='line_1_14' title="bbox 296 2061 1458 2156; baseline 0 -24"><span class='ocrx_word' id='word_1_97' title='bbox 296 2063 407 2133; x_wconf 82' lang='lat' dir='ltr'>erexit</span> <span class='ocrx_word' id='word_1_98' title='bbox 425 2061 450 2133; x_wconf 77' lang='lat'>³.</span> <span class='ocrx_word' id='word_1_99' title='bbox 473 2064 513 2133; x_wconf 92' lang='lat' dir='ltr'>In</span> <span class='ocrx_word' id='word_1_100' title='bbox 532 2062 703 2156; x_wconf 90' lang='lat' dir='ltr'>principio</span> <span class='ocrx_word' id='word_1_101' title='bbox 718 2061 835 2148; x_wconf 91' lang='lat' dir='ltr'>bullae,</span> <span class='ocrx_word' id='word_1_102' title='bbox 864 2083 933 2155; x_wconf 89' lang='lat' dir='ltr'>qua</span> <span class='ocrx_word' id='word_1_103' title='bbox 950 2061 1146 2154; x_wconf 88' lang='lat' dir='ltr'>approbata</span> <span class='ocrx_word' id='word_1_104' title='bbox 1161 2071 1216 2132; x_wconf 90' lang='lat' dir='ltr'>est</span> <span class='ocrx_word' id='word_1_105' title='bbox 1237 2061 1458 2132; x_wconf 87' lang='lat' dir='ltr'>Universitas</span> 
     </span>
     <span class='ocr_line' id='line_1_15' title="bbox 295 2172 1460 2268; baseline -0.001 -24"><span class='ocrx_word' id='word_1_106' title='bbox 295 2173 567 2260; x_wconf 69' lang='lat' dir='ltr'>bremonensis,</span> <span class='ocrx_word' id='word_1_107' title='bbox 589 2173 853 2268; x_wconf 88' lang='lat' dir='ltr'>disciplinarum</span> <span class='ocrx_word' id='word_1_108' title='bbox 867 2173 1062 2244; x_wconf 84' lang='lat' dir='ltr'>liberalium</span> <span class='ocrx_word' id='word_1_109' title='bbox 1086 2202 1102 2238; x_wconf 88' lang='lat'>«</span> <span class='ocrx_word' id='word_1_110' title='bbox 1119 2172 1285 2244; x_wconf 85' lang='lat' dir='ltr'>aetitiam</span> <span class='ocrx_word' id='word_1_111' title='bbox 1299 2196 1323 2244; x_wconf 96' lang='lat' dir='ltr'>a</span> <span class='ocrx_word' id='word_1_112' title='bbox 1337 2172 1460 2243; x_wconf 88' lang='lat' dir='ltr'>diaiaa</span> 
     </span>
     <span class='ocr_line' id='line_1_16' title="bbox 297 2275 1454 2382; baseline -0.002 -26"><span class='ocrx_word' id='word_1_113' title='bbox 297 2285 515 2382; x_wconf 70' lang='lat' dir='ltr'>beaiyaitate</span> <span class='ocrx_word' id='word_1_114' title='bbox 534 2275 750 2382; x_wconf 80' lang='lat' dir='ltr'>permissam</span> <span class='ocrx_word' id='word_1_115' title='bbox 763 2284 877 2379; x_wconf 85' lang='lat' dir='ltr'>faisse</span> <span class='ocrx_word' id='word_1_116' title='bbox 898 2284 1145 2356; x_wconf 83' lang='lat' dir='ltr'>mortalibus»</span> <span class='ocrx_word' id='word_1_117' title='bbox 1165 2284 1243 2379; x_wconf 90' lang='lat' dir='ltr'>ipse</span> <span class='ocrx_word' id='word_1_118' title='bbox 1259 2285 1454 2373; x_wconf 84' lang='lat' dir='ltr'>asserebat,</span> 
     </span>
     <span class='ocr_line' id='line_1_17' title="bbox 295 2395 1460 2493; baseline -0.003 -25"><span class='ocrx_word' id='word_1_119' title='bbox 295 2406 332 2468; x_wconf 93' lang='lat' dir='ltr'>ut</span> <span class='ocrx_word' id='word_1_120' title='bbox 355 2427 371 2464; x_wconf 79' lang='lat' dir='ltr'>u</span> <span class='ocrx_word' id='word_1_121' title='bbox 386 2397 550 2468; x_wconf 79' lang='lat' dir='ltr'>ueritatis</span> <span class='ocrx_word' id='word_1_122' title='bbox 574 2396 853 2493; x_wconf 75' lang='lat' dir='ltr'>perceptionem,</span> <span class='ocrx_word' id='word_1_123' title='bbox 871 2395 1080 2492; x_wconf 84' lang='lat' dir='ltr'>primorum</span> <span class='ocrx_word' id='word_1_124' title='bbox 1093 2404 1245 2492; x_wconf 87' lang='lat' dir='ltr'>peccato</span> <span class='ocrx_word' id='word_1_125' title='bbox 1258 2404 1460 2492; x_wconf 82' lang='lat' dir='ltr'>pareatum</span> 
     </span>
     <span class='ocr_line' id='line_1_18' title="bbox 296 2507 1460 2604; baseline -0.002 -24"><span class='ocrx_word' id='word_1_126' title='bbox 296 2509 470 2592; x_wconf 89' lang='lat' dir='ltr'>ablatam,</span> <span class='ocrx_word' id='word_1_127' title='bbox 497 2508 730 2604; x_wconf 68' lang='lat' dir='ltr'>magnificam</span> <span class='ocrx_word' id='word_1_128' title='bbox 754 2507 865 2578; x_wconf 85' lang='lat' dir='ltr'>aelati</span> <span class='ocrx_word' id='word_1_129' title='bbox 892 2507 1073 2602; x_wconf 81' lang='lat' dir='ltr'>quoddam</span> <span class='ocrx_word' id='word_1_130' title='bbox 1099 2508 1241 2580; x_wconf 83' lang='lat' dir='ltr'>domam</span> <span class='ocrx_word' id='word_1_131' title='bbox 1262 2529 1460 2603; x_wconf 83' lang='lat' dir='ltr'>reeupera-</span> 
     </span>
    </p>

    <p class='ocr_par' dir='ltr' id='par_1_4' title="bbox 256 2619 1461 3274">
     <span class='ocr_line' id='line_1_19' title="bbox 256 2619 1459 2716; baseline 0 -27"><span class='ocrx_word' id='word_1_132' title='bbox 256 2689 259 2698; x_wconf 69' lang='lat'>,</span> <span class='ocrx_word' id='word_1_133' title='bbox 295 2628 377 2691; x_wconf 85' lang='lat' dir='ltr'>reat</span> <span class='ocrx_word' id='word_1_134' title='bbox 394 2649 410 2685; x_wconf 90' lang='lat'>»</span> <span class='ocrx_word' id='word_1_135' title='bbox 438 2645 449 2689; x_wconf 90' lang='lat'><em>:</em></span> <span class='ocrx_word' id='word_1_136' title='bbox 475 2621 604 2715; x_wconf 91' lang='lat' dir='ltr'>quippe</span> <span class='ocrx_word' id='word_1_137' title='bbox 630 2620 688 2715; x_wconf 92' lang='lat' dir='ltr'>qui</span> <span class='ocrx_word' id='word_1_138' title='bbox 712 2642 733 2691; x_wconf 89' lang='lat' dir='ltr'>a</span> <span class='ocrx_word' id='word_1_139' title='bbox 763 2620 847 2690; x_wconf 84' lang='lat' dir='ltr'>viris</span> <span class='ocrx_word' id='word_1_140' title='bbox 875 2620 1034 2690; x_wconf 87' lang='lat' dir='ltr'>doctrina</span> <span class='ocrx_word' id='word_1_141' title='bbox 1069 2620 1322 2716; x_wconf 88' lang='lat' dir='ltr'>virtutibusque</span> <span class='ocrx_word' id='word_1_142' title='bbox 1354 2619 1459 2690; x_wconf 90' lang='lat' dir='ltr'>claris</span> 
     </span>
     <span class='ocr_line' id='line_1_20' title="bbox 302 2729 1454 2826; baseline 0.003 -30"><span class='ocrx_word' id='word_1_143' title='bbox 302 2731 513 2826; x_wconf 67' lang='lat' dir='ltr'>«Justitiam</span> <span class='ocrx_word' id='word_1_144' title='bbox 531 2731 715 2815; x_wconf 80' lang='lat' dir='ltr'>sustineri,</span> <span class='ocrx_word' id='word_1_145' title='bbox 743 2753 872 2804; x_wconf 84' lang='lat' dir='ltr'>causas</span> <span class='ocrx_word' id='word_1_146' title='bbox 899 2730 1085 2825; x_wconf 71' lang='lat' dir='ltr'>ambiguas</span> <span class='ocrx_word' id='word_1_147' title='bbox 1100 2730 1304 2826; x_wconf 69' lang='lat' dir='ltr'>jurgiaque</span> <span class='ocrx_word' id='word_1_148' title='bbox 1323 2729 1454 2818; x_wconf 86' lang='lat' dir='ltr'>dirimi,</span> 
     </span>
     <span class='ocr_line' id='line_1_21' title="bbox 299 2841 1460 2938; baseline 0 -25"><span class='ocrx_word' id='word_1_149' title='bbox 299 2843 417 2938; x_wconf 85' lang='lat' dir='ltr'>lapsas</span> <span class='ocrx_word' id='word_1_150' title='bbox 433 2867 506 2926; x_wconf 85' lang='lat' dir='ltr'>res,</span> <span class='ocrx_word' id='word_1_151' title='bbox 528 2866 638 2937; x_wconf 80' lang='lat' dir='ltr'>qaam</span> <span class='ocrx_word' id='word_1_152' title='bbox 654 2842 835 2938; x_wconf 74' lang='lat' dir='ltr'>publicar,</span> <span class='ocrx_word' id='word_1_153' title='bbox 860 2851 936 2914; x_wconf 88' lang='lat' dir='ltr'>tam</span> <span class='ocrx_word' id='word_1_154' title='bbox 949 2841 1133 2938; x_wconf 72' lang='lat' dir='ltr'>privatae,</span> <span class='ocrx_word' id='word_1_155' title='bbox 1154 2841 1258 2938; x_wconf 72' lang='lat' dir='ltr'>eripi,</span> <span class='ocrx_word' id='word_1_156' title='bbox 1281 2841 1460 2937; x_wconf 69' lang='lat' dir='ltr'>fatigatas</span> 
     </span>
     <span class='ocr_line' id='line_1_22' title="bbox 296 2953 1459 3050; baseline 0.001 -27"><span class='ocrx_word' id='word_1_157' title='bbox 296 2954 482 3050; x_wconf 84' lang='lat' dir='ltr'>reparari,</span> <span class='ocrx_word' id='word_1_158' title='bbox 503 2953 709 3025; x_wconf 83' lang='lat' dir='ltr'>humiliores</span> <span class='ocrx_word' id='word_1_159' title='bbox 728 2953 986 3046; x_wconf 80' lang='lat' dir='ltr'>debiliorespae</span> <span class='ocrx_word' id='word_1_160' title='bbox 1002 2953 1158 3024; x_wconf 77' lang='lat' dir='ltr'>hommes</span> <span class='ocrx_word' id='word_1_161' title='bbox 1178 2963 1308 3026; x_wconf 79' lang='lat' dir='ltr'>contra</span> <span class='ocrx_word' id='word_1_162' title='bbox 1322 2953 1459 3024; x_wconf 84' lang='lat' dir='ltr'>calidos</span> 
     </span>
     <span class='ocr_line' id='line_1_23' title="bbox 297 3065 1461 3162; baseline 0 -26"><span class='ocrx_word' id='word_1_163' title='bbox 297 3074 332 3136; x_wconf 91' lang='lat' dir='ltr'>et</span> <span class='ocrx_word' id='word_1_164' title='bbox 343 3073 509 3162; x_wconf 81' lang='lat' dir='ltr'>potentes</span> <span class='ocrx_word' id='word_1_165' title='bbox 533 3065 691 3160; x_wconf 79' lang='lat' dir='ltr'>defendi,</span> <span class='ocrx_word' id='word_1_166' title='bbox 716 3065 1015 3161; x_wconf 75' lang='lat' dir='ltr'>incomparabiles</span> <span class='ocrx_word' id='word_1_167' title='bbox 1041 3066 1228 3137; x_wconf 86' lang='lat' dir='ltr'>tbesaaros</span> <span class='ocrx_word' id='word_1_168' title='bbox 1248 3065 1461 3138; x_wconf 83' lang='lat' dir='ltr'>deliciarum</span> 
     </span>
     <span class='ocr_line' id='line_1_24' title="bbox 297 3176 1455 3274; baseline -0.005 -26"><span class='ocrx_word' id='word_1_169' title='bbox 297 3176 569 3260; x_wconf 79' lang='lat' dir='ltr'>communicari,</span> <span class='ocrx_word' id='word_1_170' title='bbox 606 3177 832 3271; x_wconf 78' lang='lat' dir='ltr'>ommiumque</span> <span class='ocrx_word' id='word_1_171' title='bbox 870 3177 1044 3248; x_wconf 78' lang='lat' dir='ltr'>bonoram</span> <span class='ocrx_word' id='word_1_172' title='bbox 1080 3176 1238 3274; x_wconf 78' lang='lat' dir='ltr'>diffundi</span> <span class='ocrx_word' id='word_1_173' title='bbox 1275 3177 1412 3248; x_wconf 80' lang='lat' dir='ltr'>semina</span> <span class='ocrx_word' id='word_1_174' title='bbox 1438 3207 1455 3243; x_wconf 86' lang='lat'>»</span> 
     </span>
    </p>

    <p class='ocr_par' dir='ltr' id='par_1_5' title="bbox 219 3287 1498 4171">
     <span class='ocr_line' id='line_1_25' title="bbox 219 3287 1459 3385; baseline 0.002 -27"><span class='ocrx_word' id='word_1_175' title='bbox 219 3309 223 3320; x_wconf 92' lang='lat'>·</span> <span class='ocrx_word' id='word_1_176' title='bbox 296 3288 520 3382; x_wconf 87' lang='lat' dir='ltr'>profiteretur</span> <span class='ocrx_word' id='word_1_177' title='bbox 533 3287 559 3358; x_wconf 76' lang='lat'>⁴.</span> <span class='ocrx_word' id='word_1_178' title='bbox 589 3291 702 3376; x_wconf 86' lang='lat' dir='ltr'>Quum</span> <span class='ocrx_word' id='word_1_179' title='bbox 722 3289 765 3359; x_wconf 92' lang='lat' dir='ltr'>de</span> <span class='ocrx_word' id='word_1_180' title='bbox 782 3289 976 3360; x_wconf 89' lang='lat' dir='ltr'>litterarum</span> <span class='ocrx_word' id='word_1_181' title='bbox 996 3289 1291 3385; x_wconf 86' lang='lat' dir='ltr'>scientiarumque</span> <span class='ocrx_word' id='word_1_182' title='bbox 1314 3290 1459 3360; x_wconf 90' lang='lat' dir='ltr'>utilitate</span> 
     </span>
     <span class='ocr_line' id='line_1_26' title="bbox 295 3400 1459 3497; baseline 0.003 -29"><span class='ocrx_word' id='word_1_183' title='bbox 295 3410 367 3471; x_wconf 93' lang='lat' dir='ltr'>tam</span> <span class='ocrx_word' id='word_1_184' title='bbox 384 3400 558 3494; x_wconf 89' lang='lat' dir='ltr'>praeclara</span> <span class='ocrx_word' id='word_1_185' title='bbox 578 3401 730 3471; x_wconf 89' lang='lat' dir='ltr'>senserit</span> <span class='ocrx_word' id='word_1_186' title='bbox 752 3408 855 3495; x_wconf 91' lang='lat' dir='ltr'>atque</span> <span class='ocrx_word' id='word_1_187' title='bbox 877 3401 955 3493; x_wconf 89' lang='lat' dir='ltr'>ipse</span> <span class='ocrx_word' id='word_1_188' title='bbox 977 3402 1234 3494; x_wconf 83' lang='lat' dir='ltr'>praedicaverit,</span> <span class='ocrx_word' id='word_1_189' title='bbox 1263 3402 1339 3497; x_wconf 89' lang='lat' dir='ltr'>quis</span> <span class='ocrx_word' id='word_1_190' title='bbox 1358 3401 1459 3471; x_wconf 92' lang='lat' dir='ltr'>dubi-</span> 
     </span>
     <span class='ocr_line' id='line_1_27' title="bbox 296 3512 1460 3609; baseline 0.002 -29"><span class='ocrx_word' id='word_1_191' title='bbox 296 3519 355 3600; x_wconf 85' lang='lat' dir='ltr'>tet‚</span> <span class='ocrx_word' id='word_1_192' title='bbox 394 3512 475 3607; x_wconf 90' lang='lat' dir='ltr'>quin</span> <span class='ocrx_word' id='word_1_193' title='bbox 510 3535 628 3582; x_wconf 91' lang='lat' dir='ltr'>rerum</span> <span class='ocrx_word' id='word_1_194' title='bbox 665 3512 895 3583; x_wconf 90' lang='lat' dir='ltr'>honestarum</span> <span class='ocrx_word' id='word_1_195' title='bbox 931 3513 1095 3600; x_wconf 88' lang='lat' dir='ltr'>omnium,</span> <span class='ocrx_word' id='word_1_196' title='bbox 1142 3537 1229 3609; x_wconf 90' lang='lat' dir='ltr'>quas</span> <span class='ocrx_word' id='word_1_197' title='bbox 1273 3513 1460 3584; x_wconf 90' lang='lat' dir='ltr'>admodum</span> 
     </span>
     <span class='ocr_line' id='line_1_28' title="bbox 291 3622 1498 3718; baseline 0.004 -26"><span class='ocrx_word' id='word_1_198' title='bbox 291 3623 433 3716; x_wconf 87' lang='lat' dir='ltr'>juvenis</span> <span class='ocrx_word' id='word_1_199' title='bbox 450 3622 675 3715; x_wconf 79' lang='lat' dir='ltr'>singulariter</span> <span class='ocrx_word' id='word_1_200' title='bbox 690 3623 858 3709; x_wconf 88' lang='lat' dir='ltr'>coluerat,</span> <span class='ocrx_word' id='word_1_201' title='bbox 874 3623 1135 3694; x_wconf 87' lang='lat' dir='ltr'>amantissimus</span> <span class='ocrx_word' id='word_1_202' title='bbox 1146 3624 1251 3695; x_wconf 87' lang='lat' dir='ltr'>fuerit</span> <span class='ocrx_word' id='word_1_203' title='bbox 1264 3625 1460 3718; x_wconf 81' lang='lat' dir='ltr'>patronus?</span> <span class='ocrx_word' id='word_1_204' title='bbox 1496 3656 1498 3660; x_wconf 50' lang='lat'><strong><em>¹</em></strong></span> 
     </span>
     <span class='ocr_line' id='line_1_29' title="bbox 296 3734 1457 3832; baseline 0.003 -28"><span class='ocrx_word' id='word_1_205' title='bbox 296 3735 380 3805; x_wconf 88' lang='lat' dir='ltr'>Ideo</span> <span class='ocrx_word' id='word_1_206' title='bbox 410 3735 446 3804; x_wconf 94' lang='lat' dir='ltr'>in</span> <span class='ocrx_word' id='word_1_207' title='bbox 481 3734 634 3805; x_wconf 90' lang='lat' dir='ltr'>animum</span> <span class='ocrx_word' id='word_1_208' title='bbox 673 3757 758 3806; x_wconf 90' lang='lat' dir='ltr'>sane</span> <span class='ocrx_word' id='word_1_209' title='bbox 797 3734 983 3805; x_wconf 82' lang='lat' dir='ltr'>induxerat</span> <span class='ocrx_word' id='word_1_210' title='bbox 1027 3736 1234 3823; x_wconf 83' lang='lat' dir='ltr'>societatem</span> <span class='ocrx_word' id='word_1_211' title='bbox 1271 3737 1457 3832; x_wconf 87' lang='lat' dir='ltr'>quamdam</span> 
     </span>
     <span class='ocr_line' id='line_1_30' title="bbox 295 3845 1458 3944; baseline 0.002 -28"><span class='ocrx_word' id='word_1_212' title='bbox 295 3845 579 3916; x_wconf 83' lang='lat' dir='ltr'>doctissimorum</span> <span class='ocrx_word' id='word_1_213' title='bbox 606 3846 771 3932; x_wconf 87' lang='lat' dir='ltr'>virorum,</span> <span class='ocrx_word' id='word_1_214' title='bbox 806 3845 864 3942; x_wconf 91' lang='lat' dir='ltr'>qui</span> <span class='ocrx_word' id='word_1_215' title='bbox 889 3845 995 3917; x_wconf 91' lang='lat' dir='ltr'>veluti</span> <span class='ocrx_word' id='word_1_216' title='bbox 1023 3847 1206 3940; x_wconf 87' lang='lat' dir='ltr'>sapientiae</span> <span class='ocrx_word' id='word_1_217' title='bbox 1236 3849 1458 3944; x_wconf 91' lang='lat' dir='ltr'>omniumque</span> 
     </span>
     <span class='ocr_line' id='line_1_31' title="bbox 294 3956 1453 4052; baseline 0.003 -26"><span class='ocrx_word' id='word_1_218' title='bbox 294 3957 526 4052; x_wconf 88' lang='lat' dir='ltr'>ingenuarum</span> <span class='ocrx_word' id='word_1_219' title='bbox 544 3956 670 4028; x_wconf 89' lang='lat' dir='ltr'>artium</span> <span class='ocrx_word' id='word_1_220' title='bbox 684 3957 844 4050; x_wconf 82' lang='lat' dir='ltr'>magistri</span> <span class='ocrx_word' id='word_1_221' title='bbox 867 3957 993 4038; x_wconf 84' lang='lat' dir='ltr'>forent,</span> <span class='ocrx_word' id='word_1_222' title='bbox 1020 3958 1055 4027; x_wconf 91' lang='lat' dir='ltr'>in</span> <span class='ocrx_word' id='word_1_223' title='bbox 1074 3958 1221 4051; x_wconf 87' lang='lat' dir='ltr'>singulis</span> <span class='ocrx_word' id='word_1_224' title='bbox 1238 3959 1453 4044; x_wconf 81' lang='lat' dir='ltr'>orthodoxis,</span> 
     </span>
     <span class='ocr_line' id='line_1_32' title="bbox 295 4067 1453 4164; baseline 0.003 -26"><span class='ocrx_word' id='word_1_225' title='bbox 295 4067 354 4138; x_wconf 92' lang='lat' dir='ltr'>ubi</span> <span class='ocrx_word' id='word_1_226' title='bbox 366 4067 574 4140; x_wconf 88' lang='lat' dir='ltr'>intemerata</span> <span class='ocrx_word' id='word_1_227' title='bbox 588 4067 678 4140; x_wconf 90' lang='lat' dir='ltr'>fides</span> <span class='ocrx_word' id='word_1_228' title='bbox 697 4091 810 4164; x_wconf 89' lang='lat' dir='ltr'>usque</span> <span class='ocrx_word' id='word_1_229' title='bbox 828 4069 1000 4161; x_wconf 84' lang='lat' dir='ltr'>viguerat,</span> <span class='ocrx_word' id='word_1_230' title='bbox 1027 4069 1233 4162; x_wconf 89' lang='lat' dir='ltr'>regionibus</span> <span class='ocrx_word' id='word_1_231' title='bbox 1256 4069 1453 4158; x_wconf 88' lang='lat' dir='ltr'>instituere,</span> 
     </span>
    </p>
   </div>
   <div class='ocr_carea' id='block_1_4' title="bbox 296 4379 1455 4563">
    <p class='ocr_par' dir='ltr' id='par_1_6' title="bbox 296 4379 1455 4563">
     <span class='ocr_line' id='line_1_33' title="bbox 332 4379 1455 4480; baseline 0.007 -24"><span class='ocrx_word' id='word_1_232' title='bbox 332 4407 356 4456; x_wconf 90' lang='lat' dir='ltr'>I.</span> <span class='ocrx_word' id='word_1_233' title='bbox 373 4407 474 4459; x_wconf 74' lang='lat' dir='ltr'>Pieres</span> <span class='ocrx_word' id='word_1_234' title='bbox 496 4379 712 4462; x_wconf 38' lang='lat' dir='ltr'>mss&#39;relatioes</span> <span class='ocrx_word' id='word_1_235' title='bbox 734 4411 753 4462; x_wconf 85' lang='grc' dir='ltr'><em>ὰ</em></span> <span class='ocrx_word' id='word_1_236' title='bbox 775 4387 878 4462; x_wconf 81' lang='lat' dir='ltr'>I&#39;Uaia.</span> <span class='ocrx_word' id='word_1_237' title='bbox 895 4408 1037 4477; x_wconf 74' lang='lat' dir='ltr'>d&#39;Am&#39;pn„</span> <span class='ocrx_word' id='word_1_238' title='bbox 1060 4415 1078 4465; x_wconf 88' lang='lat' dir='ltr'>t.</span> <span class='ocrx_word' id='word_1_239' title='bbox 1101 4407 1145 4474; x_wconf 80' lang='lat' dir='ltr'>1V3</span> <span class='ocrx_word' id='word_1_240' title='bbox 1164 4410 1259 4480; x_wconf 86' lang='lat' dir='ltr'>Objets</span> <span class='ocrx_word' id='word_1_241' title='bbox 1274 4408 1378 4468; x_wconf 82' lang='lat' dir='ltr'>diuers,</span> <span class='ocrx_word' id='word_1_242' title='bbox 1396 4407 1427 4461; x_wconf 68' lang='grc' dir='ltr'>[θ’</span> <span class='ocrx_word' id='word_1_243' title='bbox 1444 4411 1455 4464; x_wconf 91' lang='lat' dir='ltr'>I</span> 
     </span>
     <span class='ocr_line' id='line_1_34' title="bbox 296 4487 798 4563; baseline 0.008 -21"><span class='ocrx_word' id='word_1_244' title='bbox 296 4495 322 4543; x_wconf 89' lang='lat' dir='ltr'>et</span> <span class='ocrx_word' id='word_1_245' title='bbox 336 4491 380 4543; x_wconf 75' lang='grc'>34.</span> <span class='ocrx_word' id='word_1_246' title='bbox 395 4520 430 4529; x_wconf 96' lang='grc'><strong>-</strong></span> <span class='ocrx_word' id='word_1_247' title='bbox 444 4487 577 4557; x_wconf 64' lang='lat' dir='ltr'>vitria,</span> <span class='ocrx_word' id='word_1_248' title='bbox 595 4493 672 4552; x_wconf 75' lang='lat' dir='ltr'>ibid.¹</span> <span class='ocrx_word' id='word_1_249' title='bbox 691 4509 718 4563; x_wconf 91' lang='lat' dir='ltr'>p.</span> <span class='ocrx_word' id='word_1_250' title='bbox 736 4493 798 4546; x_wconf 74' lang='lat' dir='ltr'>ata.</span> 
     </span>
    </p>
   </div>
   <div class='ocr_carea' id='block_1_5' title="bbox 330 4573 1016 4730">
    <p class='ocr_par' dir='ltr' id='par_1_7' title="bbox 330 4573 1016 4730">
     <span class='ocr_line' id='line_1_35' title="bbox 330 4573 1016 4654; baseline 0.013 -28"><span class='ocrx_word' id='word_1_251' title='bbox 330 4577 356 4628; x_wconf 56' lang='grc' dir='ltr'>ἓ.</span> <span class='ocrx_word' id='word_1_252' title='bbox 373 4573 501 4638; x_wconf 66' lang='lat' dir='ltr'>Vennum,</span> <span class='ocrx_word' id='word_1_253' title='bbox 516 4578 584 4631; x_wconf 79' lang='lat' dir='ltr'>ibid.</span> <span class='ocrx_word' id='word_1_254' title='bbox 596 4607 631 4616; x_wconf 90' lang='lat'><em>-</em></span> <span class='ocrx_word' id='word_1_255' title='bbox 646 4580 810 4638; x_wconf 82' lang='lat' dir='ltr'>Claeonias,</span> <span class='ocrx_word' id='word_1_256' title='bbox 826 4585 845 4632; x_wconf 90' lang='lat' dir='ltr'>t.</span> <span class='ocrx_word' id='word_1_257' title='bbox 862 4578 893 4643; x_wconf 94' lang='lat' dir='ltr'>II,</span> <span class='ocrx_word' id='word_1_258' title='bbox 910 4594 936 4654; x_wconf 91' lang='lat' dir='ltr'>p.</span> <span class='ocrx_word' id='word_1_259' title='bbox 955 4579 1016 4634; x_wconf 71' lang='lat'>302.</span> 
     </span>
     <span class='ocr_line' id='line_1_36' title="bbox 332 4660 580 4730; baseline 0.012 -19"><span class='ocrx_word' id='word_1_260' title='bbox 332 4660 356 4712; x_wconf 90' lang='lat'>3.</span> <span class='ocrx_word' id='word_1_261' title='bbox 374 4661 458 4720; x_wconf 72' lang='lat' dir='ltr'>Ibid„</span> <span class='ocrx_word' id='word_1_262' title='bbox 476 4675 502 4730; x_wconf 93' lang='lat' dir='ltr'>p.</span> <span class='ocrx_word' id='word_1_263' title='bbox 519 4662 580 4714; x_wconf 69' lang='lat'><strong>3⁴8.</strong></span> 
     </span>
    </p>
   </div>
   <div class='ocr_carea' id='block_1_6' title="bbox 331 4744 765 4821">
    <p class='ocr_par' dir='ltr' id='par_1_8' title="bbox 331 4744 765 4821">
     <span class='ocr_line' id='line_1_37' title="bbox 331 4744 765 4821; baseline 0.012 -22"><span class='ocrx_word' id='word_1_264' title='bbox 331 4744 358 4799; x_wconf 76' lang='grc'>4.</span> <span class='ocrx_word' id='word_1_265' title='bbox 375 4747 452 4799; x_wconf 82' lang='lat' dir='ltr'>Ball.</span> <span class='ocrx_word' id='word_1_266' title='bbox 470 4747 546 4799; x_wconf 79' lang='lat' dir='ltr'>civit.</span> <span class='ocrx_word' id='word_1_267' title='bbox 560 4751 660 4808; x_wconf 78' lang='lat' dir='ltr'>Auem,</span> <span class='ocrx_word' id='word_1_268' title='bbox 678 4763 706 4821; x_wconf 90' lang='lat' dir='ltr'>p.</span> <span class='ocrx_word' id='word_1_269' title='bbox 723 4751 765 4804; x_wconf 81' lang='lat'>57.</span> 
     </span>
    </p>
   </div>
   <div class='ocr_carea' id='block_1_7' title="bbox 0 0 1846 5592">
    <p class='ocr_par' dir='ltr' id='par_1_9' title="bbox 0 0 1846 5592">
     <span class='ocr_line' id='line_1_38' title="bbox 0 0 1846 5592; baseline 0 0"><span class='ocrx_word' id='word_1_270' title='bbox 0 0 1846 5592; x_wconf 95' lang='lat' dir='ltr'> </span> 
     </span>
    </p>
   </div>
  </div>
 </body>
</html>
