3676 5592
687 495 851 547 rtrsrorucn
873 492 1082 546 auunnnarto.
1433 478 1466 552 13

303 620 531 710 disseremus,
564 620 778 715 praesertim
796 642 900 714 quum
929 619 1053 690 eadem
1086 628 1224 692 ceteras
1256 640 1401 697 numero
1433 638 1468 698 et

302 735 405 808 laude
424 734 669 828 professorum
695 740 730 803 et
757 729 968 802 studentium
991 731 1097 824 longe
1124 736 1363 826 superaverit3
1396 767 1412 804 «
1432 740 1467 810 in

219 934 224 944 .
304 847 439 944 quibus,
464 844 506 944 (si
523 844 716 917 Valladerii
744 843 951 939 quibusdam
973 843 1090 914 verbis
1114 845 1341 922 subobscuris
1364 859 1469 946 atque

305 959 410 1030 etiam
427 957 557 1028 mutilis
575 956 677 1028 nobis
693 955 743 1026 uti
757 951 885 1060 liceat),
915 954 1056 1026 difficile
1079 964 1133 1027 est
1149 979 1356 1032 enumerare
1386 973 1470 1058 quot

305 1070 380 1156 viri,
404 1077 534 1165 quanta
553 1068 711 1155 scientia,
740 1075 938 1162 quantaque
953 1066 989 1136 in
1011 1067 1083 1138 suis
1108 1067 1231 1140 studiis
1250 1071 1418 1146 varietate
1436 1087 1471 1148 et

307 1181 409 1275 copia
426 1181 567 1268 fuerint,
590 1179 732 1275 quinon
747 1201 816 1249 una
833 1177 950 1273 aliqua
968 1186 1073 1250 aetate
1093 1203 1215 1252 omnes
1241 1182 1316 1254 sine
1334 1196 1473 1260 contro-

307 1293 424 1364 versia
446 1291 606 1379 vixerint,
635 1291 699 1362 sed
721 1289 874 1361 omnium
900 1289 1109 1385 quicumque
1130 1292 1303 1380 hactenus
1323 1297 1474 1371 fuissent

309 1405 364 1476 vel
392 1403 551 1476 scientiae
581 1401 880 1496 pervestigatione
906 1402 962 1472 vel
992 1402 1124 1495 ingenii
1161 1402 1366 1506 [acuminat]
1399 1411 1474 1504 glo.

310 1516 397 1587 riam
424 1523 528 1611 atque
555 1515 686 1586 famam
714 1513 1044 1607 comprehenderint
1076 1525 1082 1550 ¹
1114 1545 1147 1586 u.
1180 1516 1310 1599 Quarto
1338 1522 1474 1596 decimo

310 1629 459 1722 primum
485 1626 617 1698 saeculo
634 1625 771 1720 plurimi
790 1633 825 1695 et
840 1625 1043 1718 peritissimi
1060 1626 1304 1719 jurisconsulti
1319 1630 1476 1708 Avenio-

314 1763 459 1810 nensem
486 1738 761 1810 Universitatem
779 1737 1053 1808 illustraverunt.
1078 1740 1172 1810 lnter
1200 1765 1287 1836 quos
1305 1745 1478 1820 nobilissi-

314 1875 391 1924 mus
422 1850 596 1922 Oldradus
624 1851 668 1921 de
702 1839 827 1937 Ponte,
857 1849 970 1942 patria
1002 1850 1211 1940 Laudensis,
1240 1854 1293 1928 vir
1322 1859 1479 1931 omnium

315 1963 451 2034 calculo
481 1986 564 2033 caere
591 1961 791 2032 mortcrcbo
808 1960 909 2054 juris
937 1959 1131 2056 inscriptus
1161 1973 1183 2050 ¹,
1223 1966 1291 2059 qui,
1326 1993 1479 2063 qnuma

315 2075 335 2145 J
340 2098 453 2147 oanne
468 2075 576 2146 XXII
597 2096 640 2144 ex
657 2071 848 2144 Academia
872 2071 1043 2144 Patavina
1062 2075 1255 2147 arcessitus
1277 2089 1480 2178 nostraeque

316 2186 545 2258 Universitati
570 2185 762 2278 praefectus
789 2184 926 2272 suisset,
956 2184 1125 2256 tredecim
1143 2209 1255 2259 annos
1273 2189 1321 2260 ibi
1342 2194 1481 2286 publice

318 2298 436 2370 docuit
470 2293 717 2394 (rme-1329),
755 2304 790 2367 et
818 2319 991 2367 summum
1019 2297 1227 2369 Pontificem
1261 2300 1297 2371 in
1321 2308 1481 2397 angustis

317 2409 469 2503 negotiis
485 2431 702 2502 magnopere
721 2407 853 2502 adjuvit
869 2406 895 2478 ³.
913 2407 1021 2501 Cujus
1038 2409 1185 2504 aequalis
1200 2411 1276 2484 fere
1294 2423 1328 2485 et
1344 2417 1483 2512 collega

320 2519 513 2592 Goffredus
551 2517 751 2614 Suliqniuci
785 2518 905 2612 plures
941 2537 1058 2590 annos·
1088 2518 1287 2614 insortioti
1310 2524 1411 2619 leges
1448 2529 1484 2601 in

320 2629 560 2704 Avenionensi
576 2629 747 2702 auditorio
763 2653 834 2702 non
850 2630 925 2702 sine
938 2629 1042 2702 laude
1062 2633 1225 2725 exposuit
1242 2632 1268 2704 ⁴.
1287 2635 1383 2710 Illius
1398 2643 1484 2713 tanti

321 2743 452 2816 fiebant
475 2742 658 2830 lectiones,
688 2752 725 2813 ut
750 2743 999 2836 manuscriptae
1022 2743 1080 2815 diu
1103 2744 1139 2813 in
1162 2745 1375 2822 bibliotheca
1399 2752 1485 2825 Uni—

324 2856 502 2929 versitatis
528 2863 691 2943 servatae,
724 2863 759 2926 et
790 2855 917 2926 deinde
945 2855 1039 2950 typis
1068 2854 1231 2948 Lugduni
1258 2881 1349 2932 anno
1376 2863 1479 2956 1552,

325 2976 512 3042 accurante
529 2967 679 3056 civitate,
699 2966 875 3038 mandatae
888 2965 1018 3038 fuerint
1030 2966 1056 3038 ⁵.
1073 2966 1175 3040 Circa
1186 2970 1311 3043 eadem
1325 2982 1487 3070 tempora

319 3080 411 3176 juris
437 3079 641 3152 cathedram
656 3077 840 3150 Avenione
856 3079 1003 3150 obtinuit
1021 3080 1150 3173 Petrus
1174 3081 1403 3175 Bertrandus,
1430 3091 1488 3185 qui

217 3269 222 3280 κ
325 3190 510 3287 plurimum
531 3191 567 3262 in
591 3213 634 3262 eo
654 3213 799 3262 munere
826 3190 1007 3278 inclaruit,
1031 3200 1135 3288 atque
1150 3193 1186 3264 in
1201 3196 1350 3268 comitiis
1377 3200 1490 3274 Baro-

326 3326 409 3375 num
443 3326 533 3376 anno
562 3303 655 3374 1329
685 3303 899 3391 convocatis,
939 3313 1118 3397 praesente
1151 3306 1312 3402 Phihppo
1343 3311 1488 3385 Valesio

326 3437 429 3509 rege,
476 3414 755 3488 ecclesiasticam
794 3415 1078 3510 jurisdictionem
1126 3417 1296 3492 adversus
1345 3423 1490 3496 Petrum

328 3526 542 3622 Cugnerium
569 3525 707 3599 fortiter
729 3535 764 3600 et
789 3527 938 3602 feliciter
964 3527 1121 3600 defendit
1146 3529 1172 3601 ⁶.
1202 3531 1335 3605 Baldus
1368 3535 1484 3628 etiam,

367 3815 391 3873 l.
409 3809 537 3883 Victum,
553 3811 632 3873 tota..
648 3809 670 3868 f0
685 3812 748 3870 2i8.

367 3903 393 3956 2.
410 3900 537 3968 vitain,
552 3902 631 3961 totu..
648 3897 670 3954 f⁰
685 3900 747 3956 tto.
805 3901 807 3908 ’

368 3985 394 4042 3.
409 3987 535 4049 Craton..
548 3994 568 4042 t.
586 3981 619 4050 n,
632 4003 660 4057 p.
676 3987 738 4040 406.
755 4015 787 4026 -
801 3983 969 4057 ennecone,
983 3987 1021 4041 N.
1036 3983 1064 4042 d.
1081 3987 1111 4046 l..
1127 3986 1205 4050 tttd..
1221 4006 1248 4062 p.
1267 3989 1326 4047 nc.
1350 4021 1353 4028 ,

340 4075 343 4084 '
370 4075 396 4127 4.
414 4071 578 4140 Glaucone,
597 4071 676 4131 ibid„
691 4087 719 4142 p.
739 4075 845 4127 1η-
859 4072 946 4139 Banu,
961 4076 1038 4148 Dict.
1057 4104 1086 4115 -
1102 4073 1245 4148 Fannsov,
1262 4081 1421 4150 Melanqes,
1438 4086 1457 4137 t.
1476 4078 1498 4150 i,

337 4157 357 4212 [⁰
370 4159 414 4212 ⁷5.
429 4162 490 4212 Mes
505 4161 567 4212 dla
580 4158 771 4227 bibliotheque
785 4159 955 4228 d'Act'pnon.

370 4245 397 4297 ὅ.
415 4242 582 4312 Glaucone,
600 4243 669 4296 tbtd.

370 4331 397 4382 6,
413 4327 579 4396 Canacoun,
601 4327 679 4387 totu,
697 4343 723 4398 p.
742 4327 801 4381 tta.
820 4356 852 4370 -
873 4329 964 4390 Banu,
988 4333 1074 4390 Dict„
1093 4337 1111 4385 t.
1135 4331 1157 4402 l,
1183 4321 1210 4404 ρ’.
1227 4333 1289 4389 204.
1305 4365 1340 4376 -
1361 4339 1500 4408 Bibliopr.

337 4413 426 4474 antu,
442 4420 462 4468 t.
483 4412 525 4467 tv.
539 4429 566 4484 p.
583 4415 645 4466 373.
659 4439 690 4451 -
705 4410 860 4483 Stephanus
875 4413 1012 4469 hubertus
1025 4415 1214 4482 (Innocentius
1230 4417 1280 4486 Vl),
1298 4419 1424 4478 doctores
1437 4423 1502 4478 Uni·

339 4495 474 4553 versitatis
494 4505 596 4553 nostrae
616 4496 654 4551 ita
675 4505 800 4552 accurate
821 4509 848 4552 et
868 4497 990 4554 studiose
1013 4500 1125 4569 audivit,
1151 4501 1181 4556 ul
1205 4501 1262 4572 ipse
1288 4503 1384 4561 doctor
1409 4507 1442 4561 ab
1465 4509 1505 4563 eis

338 4581 426 4638 factus
454 4581 537 4638 fuerit
563 4582 740 4653 (Cauaseum,
766 4584 847 4643 tbtd.;
868 4582 1000 4650 inlusor,
1029 4586 1107 4646 tatu,
1132 4584 1153 4640 s⁰
1169 4588 1223 4655 78).
1244 4618 1277 4628 -
1299 4611 1313 4641 a
1336 4591 1505 4648 Guilhelmus

340 4666 460 4726 Grisatns
492 4667 659 4726 mimatensis
692 4666 794 4742 pariter
826 4667 963 4726 dvenioue
993 4670 1151 4726 doctoratus
1182 4671 1296 4746 gradum
1329 4675 1357 4731 in
1389 4677 1506 4736 decretis
