3676 5592
374 573 411 640 30
724 575 960 640 nnrvsasmarrs
980 589 1200 639 avnnrousnsrs

372 735 487 808 neque
511 712 579 784 hoc
612 712 664 784 eis
691 732 825 807 negare
852 713 980 784 Patres
1009 712 1087 784 ausi
1114 720 1195 783 sunt
1217 709 1349 809 (1604).
1385 704 1533 801 Deinde,

373 846 464 895 anno
484 823 575 894 loon
579 847 643 912 ,ne
654 824 734 896 talis
742 846 865 894 rursus
877 824 1028 895 oriretur
1038 824 1290 910 controversia,
1303 824 1339 894 iu
1351 835 1539 896 consuetu-

370 935 487 1006 dinem
501 935 596 1006 venit
611 935 921 1028 doctoremlegum
936 943 1171 1028 aggregatum
1186 934 1280 1028 eligi,
1300 936 1359 1032 qui
1372 935 1534 1008 scholas-

368 1045 474 1118 ticam
487 1046 625 1117 turbam
642 1046 678 1116 in
693 1044 839 1116 Artibus
857 1053 1086 1138 promoveret
1101 1055 1126 1115 ¹.

418 1158 535 1251 Hujus
544 1157 827 1243 nominationem,
844 1156 970 1228 eodem
985 1178 1088 1243 anno,
1101 1155 1281 1228 societatis
1292 1157 1315 1227 J
1317 1179 1382 1228 esu
1392 1159 1531 1246 Patres

369 1269 481 1340 inscio
507 1267 724 1356 Primicerio,
751 1267 818 1339 sibi
845 1289 1015 1360 arrogare
1039 1266 1224 1338 voluerunt
1250 1291 1259 1340 :
1288 1277 1392 1364 atque
1416 1269 1531 1356 etiam,

371 1402 568 1475 quanquam
587 1378 826 1466 Primicerius,
845 1399 885 1449 re
906 1378 1059 1471 cognita,
1073 1378 1135 1472 jus
1157 1369 1406 1452 Universitatis
1424 1381 1536 1452 vindi-

369 1498 522 1577 caverat,
533 1489 756 1561 nihilominus
767 1489 909 1583 incepta
926 1489 1106 1583 persecuti
1115 1499 1195 1560 sunt
1212 1498 1247 1560 et
1266 1491 1339 1561 suis
1355 1491 1534 1585 discipulis

369 1601 763 1688 seubaccalaureatum,
787 1623 851 1672 seu
865 1600 1119 1694 magisterium,
1149 1600 1225 1672 sine
1246 1601 1453 1690 Primicerii,
1476 1611 1535 1675 aut
1580 1619 1582 1622 ·

367 1713 615 1784 Universitatis
645 1713 886 1800 assentatione
912 1711 1148 1782 contulerunt.
1176 1712 1270 1783 Hinc
1298 1722 1421 1784 exorta
1448 1737 1533 1785 con-

366 1825 474 1896 tentio
494 1847 501 1895 :
521 1846 611 1896 anno
641 1823 745 1910 1610,
774 1823 982 1895 Primicerio
1006 1823 1165 1894 invitanti
1180 1832 1220 1893 ut
1237 1817 1362 1917 sponte
1379 1825 1534 1918 ajurgio

366 1935 588 2023 desisterent,
608 1935 878 2028 responderunt,
898 1956 937 2005 se
953 1935 997 2006 de
1014 1957 1058 2006 ea
1067 1957 1107 2006 re
1117 1934 1316 2027 transigere
1328 1957 1398 2006 non
1409 1958 1529 2030 posse,

365 2047 433 2118 nisi
459 2069 481 2118 a
512 2047 619 2118 Patre
650 2045 864 2117 Provinciali
898 2046 1004 2139 jussi,
1042 2069 1146 2142 quem
1187 2045 1407 2118 Avenionem
1436 2047 1536 2118 brevi

365 2168 549 2230 venturum
573 2157 842 2252 pollicebantur.
870 2158 1110 2245 Primicerius,
1137 2168 1176 2229 ut
1196 2181 1273 2229 rem
1296 2159 1339 2229 de
1363 2158 1535 2230 industria

363 2269 511 2366 produci
538 2269 658 2351 sensit,
692 2269 960 2362 diligentissime
987 2267 1139 2362 providit
1158 2293 1202 2340 ne
1230 2269 1312 2364 quid
1335 2269 1535 2341 detrimenti

364 2380 585 2454 Universitas
613 2390 767 2475 caperet,
794 2403 883 2452 neve
909 2403 974 2453 sua
1001 2381 1113 2475 ipsius
1136 2382 1327 2453 auctoritas
1351 2381 1533 2453 imminue-

363 2503 474 2565 retur.
512 2493 635 2588 Itaque
665 2492 928 2588 typographum
969 2492 1202 2564 Bronwreou
1228 2493 1274 2564 ad
1301 2515 1340 2564 se
1376 2493 1526 2581 vocavit,

362 2605 540 2700 vetuitque
567 2627 613 2676 ne
636 2604 729 2700 typis
753 2603 948 2692 mandaret,
967 2604 1036 2675 nisi
1051 2627 1096 2676 ex
1111 2627 1177 2676 sua
1197 2604 1350 2692 licentia,
1375 2633 1392 2670 α
1411 2627 1531 2675 asser-

364 2717 475 2788 tiones
507 2745 523 2781 »
562 2715 621 2787 vel
655 2714 912 2808 disputationes
955 2714 1179 2804 scholarium,
1225 2716 1283 2812 qui
1327 2715 1530 2788 declarave-

361 2836 439 2901 rant
477 2849 559 2899 sese
586 2827 735 2920 gradum
768 2825 1093 2914 baccalaureorum,
1122 2850 1227 2924 quem
1254 2850 1303 2898 ear
1321 2826 1528 2924 prescripto
1641 2823 1645 2832 ’

361 2949 499 3036 patrum
514 2949 737 3033 acceperant,
757 2938 898 3008 minime
912 2938 1101 3010 meruisse.
1115 2939 1170 3010 Ac
1187 2939 1291 3010 simul
1308 2939 1351 3010 de
1368 2961 1411 3010 ea
1428 2939 1529 3010 read
1597 2948 1602 2953 ’

359 3046 576 3123 Jesuitarum
599 3059 735 3144 patrem
760 3049 964 3143 generalem
990 3050 1142 3144 scripsit,
1176 3051 1234 3146 qui
1260 3051 1453 3144 respondit,
1487 3073 1527 3122 se

363 3167 488 3235 Patres
531 3162 671 3258 quidem
706 3161 907 3254 improbare
939 3162 970 3232 si
987 3161 1189 3256 ‘discipulos
1225 3162 1269 3233 ab
1304 3162 1526 3233 assumendis

359 3274 607 3346 Universitatis
633 3273 801 3366 gradibus
827 3273 1102 3360 deterruissent;
1127 3297 1197 3345 nou
1213 3284 1330 3345 tamen
1346 3273 1398 3344 eis
1412 3273 1526 3366 impe-

358 3412 438 3460 rare
460 3409 587 3483 posse,
613 3395 651 3457 ut
669 3385 851 3456 scholares
870 3385 916 3456 ad
928 3385 1007 3456 illos
1023 3386 1155 3479 gradus
1185 3387 1375 3458 sumendos
1402 3385 1525 3457 horta-

358 3509 492 3572 rentur.
514 3499 604 3569 Tum
629 3521 714 3570 vero
733 3505 867 3568 tentata
890 3497 985 3568 omni
1013 3499 1126 3570 amica
1149 3499 1215 3586 via,
1237 3521 1342 3594 quum
1357 3498 1414 3568 die
1432 3498 1526 3569 dicta

359 3614 402 3684 de
449 3609 706 3682 assertionibus
751 3609 965 3702 disputatum
1007 3632 1078 3681 non
1113 3610 1294 3681 venissent
1335 3609 1475 3704 quidam
1504 3632 1524 3681 e

360 3723 579 3796 scholaribus
610 3722 765 3808 Patrum,
797 3720 855 3816 qui
871 3721 949 3814 jam
978 3722 1152 3814 petierant
1174 3722 1282 3793 verbo
1310 3731 1413 3792 tenus
1432 3732 1469 3792 ut
1489 3723 1524 3794 in

359 3858 481 3908 eorum
497 3833 656 3904 thesibus
681 3833 790 3903 verba
812 3831 871 3902 illa
894 3861 911 3897 «
924 3855 996 3930 pro
1011 3833 1307 3923 Boccolonreotn
1324 3862 1340 3897 »
1364 3855 1523 3926 appone-

357 3956 489 4034 rentur,
517 3967 641 4016 rursus
672 3943 834 4015 eumdem
855 3943 1086 4015 Bromereon
1114 3945 1341 4016 Primicerius
1369 3946 1517 4035 vocavit,

356 4059 534 4154 vetuitque
546 4057 633 4128 eain
644 4055 936 4150 disputationibus
951 4056 1044 4150 typis
1059 4057 1244 4144 mandatis,
1258 4057 1333 4128 sine
1350 4078 1523 4150 expressa

356 4168 498 4244 licentia
519 4190 584 4240 sua
603 4166 744 4261 apponi.
765 4167 855 4238 Tres
871 4167 952 4238 ideo
970 4167 1150 4238 redierunt
1176 4167 1370 4256 scholares,
1395 4170 1521 4264 quibus

357 4292 412 4354 est
442 4301 616 4352 concessa
645 4277 841 4348 Primicerii
868 4277 1023 4348 licentia.
1055 4278 1144 4349 Eam
1175 4300 1260 4350 vero
1289 4279 1325 4349 in
1361 4279 1521 4352 thesibus

356 4393 557 4487 imprimere
571 4389 1006 4472 recusavit'Brontereott,
1020 4397 1135 4485 atque,
1154 4388 1237 4460 licet
1254 4389 1300 4462 ad
1315 4389 1410 4462 illam
1428 4391 1521 4462 diem

356 4499 1023 4600 professusluissetseprohibitionibus
1032 4500 1292 4592 obsecuturum,
1303 4501 1517 4576 intercessit.

393 4752 417 4808 t.
435 4749 520 4806 uam.
535 4765 589 4806 sor
601 4747 704 4805 runa.
721 4737 879 4820 reapse
894 4749 929 4804 aa
943 4759 969 4804 u
985 4749 1044 4804 ron.
