3676 5592
639 557 803 624 sistorum
825 575 1036 624 uuuunuurro.
1148 537 1159 564 ’
1385 531 1423 620 li

258 686 423 791 Spiritum
455 692 593 780 Calcat,
621 696 809 768 anatomiae
833 695 1087 790 professorem,
1117 717 1222 790 quum
1248 693 1417 782 doctrina,

256 818 328 879 tum
343 807 580 879 munificentia
595 808 817 902 praeclarum,
826 808 883 903 qui
893 807 1018 901 patriae
1032 805 1292 892 bibliothecam,
1303 828 1424 877 manu-

258 921 388 1014 scripta
415 929 449 990 et
475 919 687 990 numismata
710 941 839 1012 magno
865 925 1005 1011 sumptu
1033 917 1182 989 collecta
1210 924 1421 988 testamento

256 1031 394 1126 reliquit
406 1039 429 1119 ¹3
453 1038 487 1101 et
506 1030 650 1101 Petrum
665 1029 896 1100 Franciscum
909 1025 1079 1099 Pomcrd
1088 1027 1199 1098 virum
1214 1027 1249 1098 in
1267 1027 1423 1099 ocularia

256 1141 430 1212 medicina
455 1140 650 1227 callentem,
690 1140 748 1234 qui
777 1140 823 1211 ad
853 1138 1085 1210 suffusionem
1117 1137 1299 1209 oculorum
1326 1137 1421 1208 ferro

257 1251 542 1346 supprimendam
569 1273 698 1322 novum
724 1259 759 1322 et
789 1250 914 1321 mirum
951 1249 1126 1346 quoddam
1153 1249 1421 1319 instrumentum

256 1358 1417 1456 feliciterexcogitavit.Cujusfilius‚Joannes-Baptista-Antonius

257 1473 405 1544 illustria
438 1473 549 1566 patris
592 1473 744 1565 vestigia
782 1480 925 1543 secutus
960 1479 1027 1544 est.
1060 1470 1131 1542 sub
1159 1471 1253 1542 idem
1284 1479 1423 1562 tempus

259 1585 416 1677 Ignatius
437 1583 607 1654 Voulloce
624 1583 809 1655 medicinae
826 1583 1030 1655 cathedram
1044 1582 1229 1653 illustravit
1244 1592 1269 1653 ¹.
1297 1657 1301 1664 ,

308 1694 469 1765 Omnium
483 1694 766 1766 doctissimorum
776 1694 914 1765 illorum
924 1693 1079 1765 virorum
1091 1693 1205 1786 gloria
1218 1691 1426 1764 redundavit

259 1807 295 1876 in
322 1805 596 1877 Universitatem
627 1805 922 1892 Avenionensem‚
954 1828 1033 1900 quae
1064 1805 1274 1878 medicinam
1300 1813 1424 1876 octavo

260 1917 395 1988 decimo
415 1917 547 1988 saeculo
564 1920 693 1988 docere
710 1939 887 2012 nunquam
902 1916 1018 1988 desiit.
1032 1917 1158 2011 Neque
1178 1916 1360 1987 studentes
1379 1917 1422 1988 ab

263 2051 354 2100 anno
375 2028 467 2100 1756
485 2029 529 2099 ad
543 2051 671 2099 annum
693 2029 786 2100 1772
801 2037 987 2099 cessarunt
1005 2029 1137 2120 gradus
1153 2027 1187 2097 in
1203 2050 1246 2099 ea
1258 2027 1423 2098 mereri³.

263 2142 384 2236 ltaque
413 2140 522 2232 viguit
549 2149 645 2211 certe
678 2162 789 2235 usque
815 2139 986 2211 adfinem
1012 2140 1126 2210 octavi
1150 2139 1277 2210 decimi
1303 2138 1426 2210 saeculi

262 2251 451 2324 Medicinae
467 2251 643 2338 Facultas‚
661 2275 740 2346 quae
757 2273 847 2322 anno
862 2252 965 2338 1791,
979 2259 1051 2322 tres
1068 2251 1182 2322 adhuc
1200 2251 1425 2346 professores

195 2353 197 2360 ’
262 2361 454 2451 hahebat⁴;
485 2363 534 2434 ita
556 2371 594 2434 ut
620 2385 673 2450 ea,
703 2363 985 2459 quintodecimo
1017 2370 1150 2434 tantum
1180 2363 1312 2434 saeculo
1341 2385 1425 2435 vere

265 2484 394 2562 creata,
417 2483 604 2570 postquam
621 2474 875 2568 initioseptimi
893 2475 1020 2546 decimi
1037 2475 1216 2569 paululum
1231 2473 1420 2563 inclinavit,

265 2595 389 2659 octavo
410 2586 551 2657 tandem
577 2585 714 2657 decimo
731 2595 904 2674 recreata,
927 2595 999 2657 tum
1021 2586 1241 2680 potissimum
1263 2585 1426 2657 floruisse

264 2699 433 2786 videatur,
466 2720 571 2794 quum
596 2696 817 2770 Universitas
841 2697 919 2792 ipsa
944 2698 1049 2770 exitio
1077 2698 1169 2770 soret
1191 2705 1296 2794 atque
1315 2696 1426 2769 ruinae

232 2844 233 2848 ¹
266 2831 436 2907 proxima.

649 3741 681 3785 or
700 3734 859 3787 runonoei‘n
879 3735 1041 3786 saeuitiam

315 3994 522 4100 Theologiae
561 3997 743 4080 Facultate
781 4007 1038 4079 Avenionensis
1079 3999 1299 4080 Universitas
1331 3998 1428 4082 initio

267 4118 390 4189 caruit.
414 4118 503 4200 Quin
529 4128 609 4190 ante
636 4119 810 4190 conditam
834 4119 1108 4191 Universitatem
1135 4129 1252 4192 tamen
1278 4121 1428 4214 viguerit

265 4229 471 4323 Theologiae
520 4231 688 4318 doctrina,
738 4231 878 4302 minime
915 4231 1070 4302 dubium.
1114 4232 1288 4304 Doctores
1336 4234 1429 4306 enim

303 4475 327 4525 1.
348 4475 396 4526 Via
410 4473 444 4528 de
458 4476 569 4528 Calact.
583 4474 716 4543 Aniqnon
730 4476 809 4528 1825.

301 4556 327 4615 2,
345 4555 432 4626 Busa,
450 4558 525 4612 Dict.

302 4643 328 4695 3.
343 4645 379 4696 Ρ.
397 4645 448 4696 rel.
463 4645 483 4697 ὰ
496 4645 599 4698 l’Unio.
616 4642 741 4712 d’Aoi9.;
755 4646 873 4698 Docum.
888 4644 956 4706 din,
973 4641 1001 4700 2⁶
1017 4653 1099 4719 part,
1113 4653 1133 4704 t.
1150 4647 1195 4704 lll.
1211 4645 1310 4710 10153.

302 4730 328 4782 l.
346 4725 433 4798 aias„
450 4731 528 4790 ibid„
545 4737 564 4782 t.
583 4727 618 4792 11,
634 4745 661 4800 p.
678 4731 741 4784 458.
