3676 5592
628 501 791 558 ttrsrorucu
812 486 1025 571 munerario
1366 470 1403 550 lb

239 643 315 702 rum
337 619 616 724 inauguratione,
640 631 769 727 ubique
795 631 886 703 bene
915 653 953 702 se
977 628 1227 724 praestabant»
1249 636 1272 696 ¹.
1299 626 1402 698 Unde

210 783 212 789 ·
239 742 353 836 magis
368 765 410 814 ac
426 742 541 836 magis
561 742 688 814 indies
708 741 980 836 splendescebat
1003 739 1193 812 Medicinae
1221 737 1400 809 Facultas.
1439 803 1440 806 ,

286 855 424 926 Horum
439 855 710 948 promeritorum
731 855 838 925 veluti
856 853 1041 948 praemium
1058 849 1299 943 duodeviginti
1318 849 1403 921 doo-

239 975 335 1037 tores
366 965 563 1058 aggregati,
610 988 701 1037 anno
747 966 851 1052 1698,
885 965 947 1059 jus
977 987 998 1036 a
1031 961 1237 1035 Primicerio
1269 961 1403 1055 petiere

240 1067 409 1170 gestandi
432 1105 448 1141 «
469 1076 704 1147 honorarium
731 1075 960 1172 epomidem»
981 1086 1006 1146 ².
1037 1073 1139 1156 Quod
1169 1073 1221 1144 eis
1248 1071 1403 1164 benigne

240 1210 463 1259 concessum.
495 1188 665 1258 Eamdem
699 1187 876 1259 licentiam
916 1187 1151 1270 obtinuerunt,
1195 1174 1420 1254 anatomicae'

241 1299 499 1374 demonstrator
519 1298 644 1369 eodem
664 1321 767 1384 anno,
798 1298 973 1369 botanicae
997 1318 1081 1366 vero
1107 1294 1291 1389 professor
1315 1313 1405 1364 anno
1467 1382 1469 1388 Ι

245 1410 347 1496 1718,
373 1409 474 1502 cujus
498 1410 705 1481 accessione
733 1409 849 1480 iuerat
875 1408 1036 1479 omnibus
1062 1405 1217 1477 numeris
1246 1405 1408 1476 absoluta

243 1543 284 1592 ac
313 1520 473 1613 perfecta
504 1520 695 1591 Medicinae
731 1520 891 1591 doctrina
923 1519 959 1589 in
986 1516 1224 1589 Universitate
1252 1514 1407 1587 Arenio-

243 1630 345 1701 nensi
359 1629 385 1700 ³.

260 1817 261 1822 ,
292 1740 518 1812 Primicerius
546 1742 638 1812 enim
662 1741 997 1828 commentariolum,
1021 1762 1112 1812 anno
1136 1739 1239 1827 1711,
1273 1757 1408 1808 summo

245 1851 407 1924 Pontifici
432 1853 587 1938 miserat,
614 1853 649 1923 in
673 1876 741 1949 quo
760 1853 959 1948 exponebat
979 1874 1146 1944 magnum
1164 1849 1409 1922 detrimentum

247 1964 387 2034 venisse
410 1963 638 2034 Universitati
665 1987 787 2053 exeo,
820 1965 914 2060 quod
938 1963 997 2035 illa
1024 1984 1139 2058 neque
1168 1961 1411 2055 professorem

247 2075 433 2150 botanicae.
453 2097 568 2170 neque
582 2075 723 2162 hortum
737 2076 782 2146 ad
797 2075 967 2146 culturam
982 2074 1208 2168 notitiamque
1223 2070 1413 2142 herbarum

249 2186 550 2257 accommodatum
565 2186 730 2274 haberet;
751 2195 855 2281 atque
873 2186 955 2256 inde
980 2183 1191 2255 studentium
1213 2203 1407 2266 numerum,

250 2298 307 2393 qui
329 2296 462 2390 gradus
489 2296 672 2368 Avenione
701 2306 890 2384 sumerent,
922 2295 1075 2392 quotidie
1102 2295 1287 2366 minorem.
1314 2291 1410 2384 Ergo

249 2409 391 2504 petebat
412 2408 649 2496 Primicerius,
670 2417 707 2478 ut
720 2409 896 2480 herbariae
911 2407 1095 2501 professor
1110 2414 1292 2478 crearetur
1307 2411 1412 2498 atque

250 2521 372 2591 hortus
398 2520 514 2591 statim
547 2519 800 2591 institueretur.
835 2519 1031 2614 Utrumque
1060 2540 1217 2590 summus
1250 2513 1415 2588 Pontifex

250 2632 398 2703 libenter
426 2632 617 2703 concessit.
650 2631 783 2702 Locum
813 2631 999 2726 quemdam
1027 2629 1131 2700 sitnm
1158 2637 1258 2700 extra
1285 2625 1415 2698 moenia

252 2743 399 2814 civitatis
427 2743 664 2838 donatumque
697 2743 826 2813 dictum
861 2751 1029 2838 campum
1054 2741 1164 2834 jussit
1200 2740 1236 2810 in
1276 2738 1415 2809 hortum

252 2855 420 2926 converti.
441 2855 520 2926 Hoc
537 2864 655 2926 tamen
669 2853 746 2925 fieri
764 2862 950 2925 vetuerunt
965 2835 1130 2924 consules
1145 2849 1348 2937 avenionis,
1370 2848 1413 2919 ob

251 2967 286 3036 id
318 2989 434 3053 unum,
477 2965 570 3061 quod
589 2981 591 2985 ·
607 2988 752 3058 campus
783 2965 841 3036 ille
874 2963 1038 3036 curandis
1073 2961 1273 3034 hominibus
1314 2968 1415 3054 peste

252 3077 379 3148 afflatis
398 3075 575 3149 reservari
591 3076 713 3147 solitus
729 3084 838 3148 esset.
860 3074 908 3146 At
923 3075 1134 3168 Prolegatus
1150 3095 1312 3166 campum
1327 3070 1415 3141 nihi·

251 3189 400 3260 lominus
432 3188 662 3259 Universitati
696 3188 800 3275 dedit,
837 3210 880 3259 ea
914 3196 1031 3258 tamen
1065 3187 1157 3279 lege,
1190 3193 1238 3272 ut,
1277 3183 1414 3278 quoties

252 3299 451 3394 pestilentia
477 3299 601 3370 urbem
626 3298 818 3384 invaderet,
851 3321 1045 3370 concessus
1075 3291 1175 3368 locus
1205 3297 1248 3368 ab
1274 3296 1331 3382 118,
1357 3293 1415 3389 qui

252 3411 374 3483 morbo
392 3409 614 3498 laborarent,
649 3411 743 3481 velut
777 3419 881 3482 antea
907 3418 1150 3504 usurparetur.
1178 3408 1235 3480 Sic
1266 3407 1415 3478 Univer-

254 3523 339 3594 sitas
357 3522 559 3593 herbarium
575 3522 715 3593 hortum
734 3521 883 3614 accepit.
904 3519 951 3592 At
964 3521 1084 3614 legum
1099 3521 1264 3591 doctores
1277 3518 1414 3611 profes-

149 3727 151 3732 ,
254 3624 352 3705 80118
376 3633 595 3704 conducendi
631 3642 735 3728 atque
766 3631 859 3703 horti
895 3631 1033 3703 colendi
1069 3641 1228 3725 sumptus
1262 3630 1413 3700 tolerare

252 3743 478 3816 recusabant.
502 3746 588 3831 Quae
606 3744 758 3814 tulerant
773 3765 794 3814 a
809 3765 944 3813 summo
961 3742 1132 3814 Pontifice
1160 3742 1262 3828 dona,
1289 3741 1415 3811 damno

255 3856 320 3926 sibi
338 3877 420 3927 esse
438 3855 613 3943 nolebant,
639 3854 903 3926 excusationem
923 3853 1113 3926 afferentes
1135 3873 1245 3947 parva
1265 3852 1416 3923 Univer-

255 3967 367 4040 sitatis
382 3966 568 4060 vectigalia
583 3965 610 4038 ⁴.

301 4079 465 4152 Attamen
487 4101 552 4150 rex
574 4077 766 4152 Galliarum
789 4079 943 4173 negabat
959 4078 1144 4173 privilegia
1165 4076 1413 4150 Universitatis

220 4473 223 4478 Ι
294 4405 318 4458 l.
335 4404 419 4456 Mem.
433 4419 486 4457 aur
499 4402 602 4458 l'Uniu.
617 4399 776 4473 11Ἀο19.,1ο
791 4401 854 4458 9311.

156 4475 160 4492 ’
292 4489 318 4542 1.
332 4487 444 4557 Gallice,
459 4491 579 4558 e'pr'toqe.

294 4575 320 4626 3.
337 4575 421 4627 Mc'm.
437 4574 606 4628 0011111110.
622 4574 745 4643 u’Aotp„
761 4572 783 4626 1ο
798 4575 860 4628 235.

296 4659 319 4711 4.
337 4658 419 4717 1ὸ11.,
436 4655 534 4712 101113.
