3676 5592
926 452 1086 504 rnonnsro.
1361 425 1365 430 ⁵
1470 411 1494 489 s
1557 456 1588 504 rr

415 575 684 650 -inserviremus
702 575 890 648 Veientem
904 576 1007 664 enim,
1028 577 1072 648 de
1086 599 1124 648 re
1139 574 1310 647 litteraria
1326 575 1419 670 apud
1433 575 1587 649 Avenie-

419 712 550 761 nenses
592 688 862 782 haudquaquam
917 689 1116 781 spernenda
1163 699 1183 773 ¹,
1236 687 1358 759 sedulo
1410 687 1587 784 inquirere
1648 741 1650 752 .

420 802 529 872 multa
556 799 781 892 adjuvabunt,
820 821 864 870 ex
897 799 966 872 hoc
993 800 1082 870 libro
1117 807 1296 892 excerpta,
1338 799 1464 894 quibus
1493 799 1589 872 haud

399 911 654 990 mediocriter,
694 910 731 981 ni
763 910 925 999 fallimur,
961 911 1039 1004 ipse
1071 911 1245 1004 proficiat.
1276 911 1437 1004 Cupienti
1472 920 1588 1004 autem

420 1025 513 1098 scire
533 1030 662 1118 quanta
675 1021 781 1092 fuerit
794 1021 830 1092 in
852 1032 974 1094 nostra
988 1021 1182 1094 Academia
1198 1017 1460 1116 disciplinarum
1476 1022 1589 1094 diver-

419 1136 517 1220 sitas,
541 1133 653 1229 qualis
672 1133 856 1204 doctorum
876 1133 1198 1230 discipulorumque
1222 1133 1435 1221 constituti0,
1466 1134 1588 1229 quales

418 1269 550 1333 mores,
580 1245 702 1340 quales
725 1244 878 1340 denique
904 1245 1054 1338 patroni,
1082 1255 1162 1318 ante
1189 1245 1312 1316 oculos
1343 1245 1588 1316 obversabitur
1643 1258 1647 1265 '

306 1369 308 1374 ’
419 1358 568 1452 primum
593 1353 755 1426 restituta
777 1363 925 1449 quatuor
946 1355 1168 1428 Facultatum
1184 1355 1322 1448 effigies
1350 1365 1385 1427 et
1411 1355 1589 1426 dissimilis

421 1469 594 1563 cujusque
629 1467 781 1553 fortuna,
823 1465 950 1537 deinde
981 1467 1231 1538 Universitatis
1259 1466 1353 1560 jura,
1390 1457 1584 1560 privilegia,

420 1580 561 1667 divitiae,
580 1588 625 1654 et.
643 1578 736 1673 quod
748 1577 899 1649 maxime
916 1579 961 1649 ad
973 1579 1198 1650 historiarum
1215 1578 1407 1672 scriptores
1422 1579 1584 1672 pertinet,

389 1759 390 1764 ,
422 1691 541 1787 quanti
575 1689 743 1761 momenti
773 1689 808 1760 in
838 1696 897 1760 res
935 1689 1155 1761 extrinsecus
1197 1698 1295 1762 actas
1330 1691 1588 1762 Avenionensis

421 1801 644 1874 Universitas
676 1801 795 1871 fuerit.
827 1800 1002 1887 Ceterum,
1040 1819 1082 1872 eo
1114 1801 1228 1894 magis
1265 1801 1518 1872 inducebamur
1553 1811 1590 1871 ut

420 1915 598 2007 inceptum
617 1912 772 1984 libellum
799 1912 1064 2006 perficeremus,
1089 1936 1157 2008 quo
1177 1913 1291 2004 magis
1317 1913 1478 2006 cupidine
1504 1935 1590 2006 age-

420 2027 546 2098 bamur
570 2023 752 2112 noscendi,
786 2047 865 2119 quae
892 2023 1083 2117 pontificiae
1107 2024 1199 2094 illius
1225 2033 1260 2094 et
1290 2025 1589 2108 ultramontanae,

422 2147 459 2209 ut
485 2137 591 2222 aiunt,
624 2135 874 2206 Universitatis
909 2135 1129 2229 inpartibus
1165 2133 1358 2207 Galliarum
1385 2135 1524 2230 positae,
1557 2144 1591 2208 et

421 2249 575 2346 undique
592 2247 705 2340 regali
722 2247 882 2341 potentia
903 2247 1004 2344 quasi
1022 2247 1260 2336 circumdatae,
1286 2247 1360 2319 fata
1375 2247 1516 2319 fuerint.

462 2561 487 2614 t.
503 2558 566 2617 Sine
585 2560 642 2616 uita
660 2559 866 2616 intermism'one
880 2559 1032 2615 litterarum
1048 2559 1140 2615 studio
1154 2558 1279 2634 flagravit
1295 2559 1409 2626 Arenio,
1427 2575 1499 2633 quae,
1516 2568 1593 2632 post·

425 2661 506 2720 quam
523 2647 671 2719 sophistas,
688 2645 879 2718 philosophos
896 2653 1001 2716 poetas,
1017 2644 1193 2717 artificesque
1212 2660 1278 2700 suos
1297 2645 1401 2714 hahuit,
1417 2645 1594 2702 doctissimo-

425 2748 484 2788 rum
507 2733 608 2790 deinde
634 2733 755 2792 virorum
777 2729 885 2802 majori,
911 2745 992 2804 quam
1014 2730 1153 2804 pteraeque
1178 2729 1324 2788 Galliarum
1352 2729 1486 2803 civitates,
1516 2730 1596 2804 copia
1628 2752 1631 2771 -

426 2817 533 2876 claruit.
1623 2847 1625 2853 ,
