3686 5590
430 493 469 573 bd
774 517 1007 571 nutvnustraris
1029 511 1248 570 animositatem

429 669 511 717 vum
526 645 680 718 calorem
699 643 868 716 lenibant.
895 643 949 715 Ex
969 643 1026 714 his
1045 642 1284 715 existimamus
1305 643 1469 736 exiguam
1486 635 1591 740 vulgo

426 757 538 828 fuisse
566 780 710 850 operam
739 755 876 842 medici,
907 755 974 850 qui,
1002 777 1116 826 annuo
1145 777 1209 826 sex
1235 755 1448 826 florenorum
1476 755 1590 848 pretio

426 868 632 955 conductus
657 866 849 960 discipulos
876 865 1016 957 collegii
1036 866 1193 936 curabat.
1214 866 1359 936 Lautius
1385 866 1477 936 enim
1494 865 1592 937 vive-

428 979 513 1049 bant
526 979 818 1072 studentesquam
826 977 884 1072 qui
897 976 1345 1065 debilivaletudineessent3
1359 984 1592 1047 ceterumnon

428 1111 507 1161 eam
521 1089 627 1160 vitam
643 1089 818 1160 ducebant
834 1111 912 1182 quae
923 1089 1076 1181 juvenes
1089 1087 1124 1156 in
1139 1088 1282 1159 morbos
1297 1088 1443 1181 injicere
1454 1096 1588 1180 posset.

426 1201 614 1295 Nunquam
641 1201 734 1271 enim
758 1223 779 1272 a
803 1199 1000 1294 gymnasio,
1024 1199 1092 1268 nisi
1115 1199 1249 1292 justam
1274 1199 1317 1269 ob
1345 1221 1488 1270 causam
1513 1221 1592 1268 cum

426 1311 568 1382 licentia
585 1312 762 1397 RectoriS,
789 1311 886 1381 exire
911 1317 1093 1402 poterant3
1122 1310 1244 1380 urbem
1262 1309 1402 1380 minime
1424 1310 1592 1404 frequen-

426 1423 557 1510 tabant,
582 1432 616 1492 61
630 1423 804 1515 integram
822 1421 1016 1492 laborando
1037 1420 1129 1490 diem
1146 1421 1412 1492 consumebant.
1432 1421 1592 1491 Diluculo

430 1529 557 1604 electo
584 1533 786 1625 surgebant,
814 1555 917 1626 quem
943 1553 1036 1601 nona
1058 1531 1147 1602 bora
1171 1554 1332 1624 vespere,
1361 1531 1434 1602 sive
1451 1531 1588 1619 hiemis,

433 1645 506 1715 sive
525 1644 659 1716 aestatis
675 1654 815 1736 tempus
839 1650 946 1729 esset,
975 1642 1193 1734 repetebant,
1216 1643 1265 1712 ita
1287 1652 1324 1712 ut
1345 1642 1544 1735 expeditum
1562 1649 1596 1713 et

426 1779 549 1826 sanum
585 1778 714 1848 corpus
747 1755 931 1839 habentes,
972 1753 1088 1847 quieto
1127 1777 1264 1848 quoque
1295 1763 1329 1824 et
1360 1754 1405 1824 ad
1435 1753 1593 1824 laborem

426 1876 549 1960 parato
567 1866 680 1936 animo
699 1866 901 1935 fruerentur
916 1875 940 1933 ¹.

476 1979 578 2048 Hanc
594 1999 678 2046 vero
704 1975 990 2070 tranquillitatem
1014 1997 1264 2070 nonnunquam
1289 1977 1590 2064 desideraverunt,

427 2097 573 2183 propter
599 2096 778 2158 rectorum
806 2086 1022 2180 nequitiam:
1054 2108 1134 2156 nam
1157 2087 1257 2157 fuere
1291 2111 1379 2183 quos
1408 2088 1523 2180 major
1543 2088 1596 2158 rei

431 2223 506 2270 suae
529 2221 632 2294 quam
663 2197 875 2268 studentium
904 2205 938 2266 61
958 2196 1098 2289 collegii
1124 2219 1209 2268 cura
1233 2198 1361 2286 tenuit;
1391 2198 1448 2293 qui
1474 2199 1594 2268 studiis

429 2310 612 2402 invigilare
633 2307 924 2400 dedignabantur,
947 2307 1048 2400 leges
1071 2314 1106 2377 et
1129 2316 1258 2379 statuta
1276 2309 1416 2402 collegii
1439 2309 1597 2381 obsoles-

432 2443 514 2492 cere
535 2419 706 2505 sinebant,
735 2419 859 2490 domus
881 2441 1004 2489 omnes
1029 2418 1163 2488 reditus
1188 2428 1291 2514 atque
1313 2421 1430 2492 omnia
1452 2422 1545 2492 bona
1562 2421 1597 2492 iu

432 2531 610 2625 propriam
633 2530 816 2601 utilitatem
839 2529 1103 2618 consumebant,
1126 2531 1351 2603 commissum
1370 2531 1436 2603 sibi
1450 2555 1598 2626 gregem

433 2642 539 2730 obliti,
569 2642 673 2713 modo
699 2641 768 2734 ipsi
795 2641 933 2712 divitias
961 2663 1044 2712 suas
1071 2650 1256 2734 augerent.
1286 2644 1483 2737 Propterea
1506 2667 1597 2717 anno

439 2751 961 2839 1483N1001ausaemesstac,
985 2753 1131 2841 Rector,
1156 2754 1199 2825 de
1215 2777 1282 2850 quo
1309 2756 1490 2828 scholares
1513 2779 1598 2849 gra-

435 2867 524 2938 viter
541 2866 725 2960 conquesti
740 2873 850 2952 erant,
873 2863 915 2934 ab
936 2863 1052 2964 officio
1072 2865 1219 2958 turpiter
1242 2866 1378 2959 ejectus
1402 2868 1482 2956 fuit,
1505 2867 1599 2938 calli-

437 2977 514 3048 dius
544 2987 660 3048 autem
685 2977 864 3047 Rossetus
889 2976 1034 3063 Rector,
1067 2975 1213 3064 incuria,
1248 2978 1403 3066 avaritia,
1436 2979 1599 3074 omnique

436 3087 598 3156 vitiorum
630 3108 763 3178 genere
802 3096 917 3174 notus,
958 3086 1117 3156 omnibus
1148 3087 1274 3176 invitis
1310 3089 1453 3181 triginta
1488 3111 1600 3160 annos

438 3198 594 3289 Collegio
620 3197 933 3268 Sancti-Martialis
954 3198 1108 3290 praefuit.
1136 3199 1171 3268 Is
1197 3221 1261 3269 sex
1285 3201 1478 3272 monachos
1497 3223 1516 3272 6
1536 3224 1600 3273 suo

435 3309 593 3403 prioratu
612 3309 654 3379 de
679 3309 846 3380 Rosanis·
861 3317 1040 3402 exegerat,
1075 3315 1110 3379 et
1140 3332 1204 3380 sex
1231 3319 1364 3382 tantum
1382 3313 1438 3382 vel
1467 3321 1604 3406 septem

438 3421 619 3493 studentes
639 3421 674 3490 in
692 3421 844 3513 collegio
858 3421 1067 3514 parcissime
1085 3421 1211 3510 alebat,
1233 3444 1366 3517 eosque
1384 3423 1488 3493 etiam
1505 3424 1603 3494 libris

435 3533 608 3626 privabat.
631 3534 705 3603 11116
726 3533 874 3603 missum
898 3533 941 3604 ab
964 3532 1090 3604 abbate
1116 3533 1341 3604 (lluniacensi
1364 3535 1603 3628 inspectorem

435 3644 593 3732 detrusit,
619 3653 844 3738 armatosque
868 3645 946 3737 ipse
973 3644 1142 3715 satellites
1169 3645 1215 3715 ad
1240 3654 1378 3738 portam
1403 3647 1598 3735 collocavit,

436 3756 495 3851 qui
524 3755 654 3826 aditum
683 3756 927 3849 prohiberent,
960 3753 1100 3848 collegii
1131 3756 1226 3828 bona
1252 3759 1455 3851 usurpabat,
1496 3756 1601 3831 silvas

436 3867 527 3938 caedi
537 3867 695 3961 jubebat,
722 3878 756 3938 61
780 3889 896 3968 caesas
916 3867 1063 3938 arbores
1084 3866 1191 3938 veluti
1217 3869 1381 3961 proprias
1404 3869 1599 3958 vendebat3

434 3979 584 4050 aedificia
599 3978 716 4049 corrui
733 3977 879 4066 sinebat,
912 3978 1072 4050 omnibus
1095 3977 1246 4074 denique
1273 3980 1389 4052 modis
1414 3981 1602 4074 pecuniam

436 4090 665 4163 contrahebat
690 4100 714 4160 ².
746 4089 908 4160 Officium
945 4090 1052 4162 etiam
1091 4091 1248 4164 moribus
1280 4091 1530 4183 dedecorabat,
1566 4102 1601 4164 et

433 4202 598 4275 mulieres
617 4201 749 4296 saepius
773 4201 808 4273 in
827 4202 988 4296 collegio,
1009 4225 1139 4297 magna
1164 4227 1243 4275 cum
1275 4203 1471 4278 offensione
1496 4206 1603 4278 mari·

469 4488 493 4542 1.
509 4485 771 4546 Statutaaloanue
793 4491 885 4544 Dabla
911 4487 1023 4547 condita
1061 4505 1133 4548 anuo
1166 4493 1241 4548 1551.
1277 4489 1306 4546 111
1343 4491 1419 4548 11161.
1445 4498 1515 4548 rect.
1544 4489 1597 4546 cot.

436 4572 659 4634 Sancti-Mart„
677 4591 705 4645 p.
719 4579 765 4630 17.
790 4625 792 4630 ,
1169 4572 1172 4576 ’
1511 4597 1513 4604 ·

471 4660 496 4716 d·
514 4661 589 4720 11161.
604 4663 656 4718 col.
674 4664 901 4725 sancet-tlara..
919 4677 946 4740 p.
964 4663 1007 4734 18,
1025 4663 1069 4722 19.
