3676 5592
644 573 808 630 nrsronrcu
829 562 1041 632 innuentem.
1385 563 1419 635 31
1503 584 1506 589 ·

257 698 419 802 Namque
438 703 672 778 contendebat
695 734 711 770 u
726 705 863 776 nullom
890 704 1105 776 Primiceriis
1127 705 1227 778 laicis
1242 707 1422 801 jurisdic-

259 817 388 890 tionem
412 825 624 914 competere,
643 825 702 889 aut
718 817 749 888 si
767 839 835 912 qua
849 824 1076 911 competeret,
1091 839 1164 913 per
1183 841 1220 888 se
1234 817 1328 914 tiosos
1343 843 1423 892 eom

257 951 429 1002 emersere
441 952 511 1000 non
528 951 636 1022 posse
647 957 663 993 »
674 984 682 1000 .
695 928 797 1010 Quod
808 952 913 1024 quum
927 928 1171 1023 typographus
1188 951 1296 1002 ausus
1310 939 1417 1020 esset,

256 1049 393 1134 patrum
427 1041 633 1112 auctoritate
663 1040 787 1127 fretus,
822 1040 879 1135 qui
905 1039 981 1133 jam
1011 1039 1204 1111 amicorum
1232 1041 1358 1113 officiis
1386 1054 1421 1115 et

257 1152 525 1224 concursatione
540 1152 736 1238 utebantur,
757 1152 1008 1243 ,moxLegatus
1028 1151 1416 1244 Prolegatomandavit,

256 1269 293 1333 ut
308 1263 385 1357 ipse
405 1263 619 1358 videretque
636 1285 680 1333 ex
692 1262 786 1356 jure,
807 1269 867 1334 aut
883 1279 951 1356 qua
972 1284 1016 1333 ex
1036 1261 1282 1355 jurisdictione
1300 1262 1424 1336 Primi-

257 1375 372 1446 cerius
393 1375 654 1470 typographum
678 1373 969 1466 prohibitionibus
994 1373 1226 1456 coercuisset.
1251 1375 1431 1447 Continuo

60 1495 62 1500 ’
158 1569 160 1574 ,
257 1485 493 1573 PrimiceriuS,
515 1485 617 1578 cujus
635 1484 683 1554 ita
696 1484 731 1554 in
748 1484 937 1556 discrimen
958 1483 1199 1556 adducebatur
1214 1487 1418 1574 auctoritas
1490 1499 1493 1504 '

257 1597 447 1690 Prolegato
474 1595 798 1686 commentariolum
823 1594 927 1683 misit,
956 1595 992 1665 in
1022 1618 1090 1691 quo
1118 1598 1318 1690 exponebat
1343 1623 1423 1694 quae

180 1731 182 1736 ·
255 1693 405 1780 fuissent
436 1730 511 1778 suae
543 1705 741 1777 severitatis
781 1728 912 1786 causae,
948 1705 1187 1802 ‘idoneamque
1221 1707 1423 1782 dilationem

255 1818 462 1916 impetravit,
486 1826 524 1888 ut
544 1816 728 1910 colligeret
751 1817 972 1903 documenta,
998 1817 1184 1912 exquibus
1204 1841 1244 1890 se
1260 1820 1303 1891 de
1312 1821 1423 1914 juris-

256 1915 406 2000 dictione
428 1937 532 2024 atque
555 1927 763 1999 auctoritate
784 1950 848 1999 sua
870 1926 977 1998 fidem
996 1928 1171 1999 facturum
1196 1931 1420 2024 promiserat.

255 2041 479 2134 Congregato
502 2038 629 2110 deinde
656 2038 904 2110 Universitatis
933 2038 1095 2132 collegi0,
1121 2061 1213 2111 anno
1231 2041 1319 2113 1611
1342 2053 1423 2115 ante

256 2151 347 2222 diem
373 2160 535 2222 octavum
554 2149 638 2221 Kal.
667 2150 788 2238 Mart,
813 2149 1049 2250 amphssimos
1071 2150 1237 2226 doctores
1263 2153 1423 2228 hortatus

260 2274 324 2352 est,
347 2271 385 2333 ut
395 2263 439 2333 de
458 2261 711 2334 conservandis
725 2260 919 2354 privilegiis
936 2260 1008 2332 suis
1023 2261 1272 2334 deliberarent.
1287 2265 1425 2336 Placuit

261 2375 312 2450 eis
342 2374 424 2467 eligi
455 2382 535 2445 octo
563 2396 583 2444 e
615 2372 765 2466 collegio
798 2371 974 2460 doctores
1014 2372 1139 2468 quibus
1172 2373 1278 2468 plena
1318 2385 1422 2473 atque

260 2485 431 2566 absoluta,
461 2508 540 2556 cum
562 2484 702 2555 domino
726 2483 944 2570 Primicerio,
964 2493 1123 2577 potestas
1151 2487 1426 2560 committeretur

259 2597 389 2691 agendi
426 2597 670 2693 quodcumque
716 2595 969 2666 controversiee
1008 2596 1175 2689 expedire
1206 2597 1419 2690 judicarent,

257 2708 435 2805 usquead
460 2707 655 2802 perfectam
684 2705 790 2777 totius
819 2705 931 2799 jurgii
960 2707 1264 2800 compositionem.
1296 2711 1423 2784 Patres

255 2830 384 2908 autem,
425 2820 483 2915 qui
512 2841 550 2890 se
578 2817 746 2912 paulatim
778 2817 1044 2911 privilegiorum
1076 2819 1263 2891 maximam
1287 2831 1424 2916 partem

255 2939 488 3025 usurpaturos
519 2937 768 3024 speraverant,
793 2931 905 3026 atque
920 2928 1169 3002 Universitatis
1183 2931 1296 3025 ipsius
1310 2933 1423 3027 juris-

256 3043 443 3116 dictionem
471 3043 773 3136 impugnaverant,
808 3064 913 3136 quum
936 3063 996 3112 res
1020 3064 1145 3134 parum
1170 3046 1417 3135 successisset,

255 3155 338 3226 illud
355 3155 498 3225 taedium
518 3176 616 3246 aegre
631 3153 792 3224 videntur
810 3152 948 3224 tulisse.
966 3153 1059 3225 Nam
1084 3176 1206 3226 eorum
1225 3157 1423 3230 molestiam
1474 3153 1477 3166 '

256 3288 357 3337 exeo
373 3265 633 3358 cognoscimus,
655 3263 792 3360 quodin
803 3264 963 3336 thesibus
977 3265 1219 3356 defendendis,
1236 3267 1423 3340 noluerunt

256 3375 499 3448 Primicerium
514 3385 594 3447 ante
610 3375 759 3448 civitatis
778 3375 959 3447 Vicarium
974 3385 1009 3448 et
1024 3375 1196 3449 Consules
1215 3380 1387 3455 nominari
1401 3404 1422 3454 a

256 3489 474 3560 studentibus
517 3496 621 3584 atque
671 3487 825 3562 salutari.
876 3487 955 3558 Hac
999 3487 1230 3561 irreverentia
1269 3493 1422 3563 omnium

255 3599 544 3672 doctorum-iram
562 3600 598 3669 in
616 3621 654 3670 se
671 3599 945 3687 concitaverunt,
974 3599 1032 3695 qui
1052 3599 1292 3694 imprimendis
1314 3603 1421 3675 disci-

255 3711 416 3806 pulorum
431 3712 576 3782 Patrum
600 3709 858 3782 assertionibus
887 3711 1076 3800 licentiam,
1106 3714 1311 3785 Ι1111101621
1339 3725 1420 3788 ante

254 3823 347 3894 diem
360 3823 500 3893 tertium
521 3822 695 3893 decimum
722 3821 806 3914 Kal.
823 3823 950 3910 Maias,
977 3845 1145 3894 recusare
1169 3825 1417 3898 decreverunt.

255 3935 395 4006 Interea
409 3935 453 4006 de
471 3933 714 4005 baccalaureis
733 3943 837 4030 atque
862 3935 1042 4028 magistris
1061 3935 1097 4006 in
1114 3934 1259 4008 Artibus
1277 3959 1420 4031 promo-

253 4046 376 4118 vendis
401 4046 444 4117 lis
472 4046 586 4117 adhuc
614 4046 791 4139 pendebat
818 4069 825 4117 :
851 4046 1256 4146 3111106616]1626111ιω
1276 4049 1421 4121 Patrum

253 4158 389 4230 Rector
420 4179 441 4229 a
472 4157 677 4228 Primicerio
722 4157 912 4251 impetrare
954 4165 1101 4230 conatus
1132 4169 1196 4246 est,
1233 4170 1270 4230 ut
1295 4183 1355 4232 res
1385 4163 1421 4232 in

252 4269 437 4362 pristinum
461 4278 589 4340 statum
616 4269 859 4340 reduceretur.
888 4270 975 4351 Quae
1001 4270 1210 4358 concibatio,
1237 4273 1352 4366 magis
1378 4296 1420 4346 ac

252 4381 371 4475 magis
382 4381 498 4468 dilata,
519 4403 610 4454 anno
630 4381 723 4453 1670
737 4382 878 4453 tandem
897 4404 918 4453 a
934 4381 1139 4454 Primicerio
1154 4383 1219 4454 fuit
1237 4394 1417 4478 accepta.

301 4493 518 4591 Quicumque
528 4493 634 4566 fuerit
644 4493 755 4590 jurgii
764 4491 856 4583 finis,
876 4502 1011 4569 certum
1026 4503 1080 4567 est
1093 4495 1222 4570 Patres
1239 4495 1419 4574 societatis

293 4738 317 4790 1.
339 4736 422 4796 Ictu..
439 4733 472 4790 1Μ
489 4736 550 4800 llll,
567 4737 625 4806 lot,
644 4735 705 4805 116,
725 4735 784 4802 111,
804 4736 860 4790 166.
