3676 5592
418 549 456 614 u
762 571 996 618 unrvrasmarrs
1016 571 1236 618 avnuronansu

467 689 555 762 Post
572 697 720 763 mortem
743 691 904 787 Dionysii
922 689 1108 764 Christiani
1125 700 1294 764 mutatum
1319 700 1374 765 est
1400 694 1528 792 aliquid
1545 697 1580 768 in
1627 707 1629 712 '

417 803 589 896 regimine
604 797 810 876 Facultatis.
830 805 1014 878 Hactenus
1028 805 1218 876 Medicinae
1236 805 1421 898 professor
1435 829 1456 879 a
1471 808 1579 880 colle-

418 915 476 1007 gio
493 915 675 988 doctorum
690 917 734 988 ad
751 917 857 988 vitam
873 917 1081 1010 eligebatur.
1094 916 1267 988 Statutum
1284 927 1348 1006 est,
1362 941 1453 990 anno
1473 920 1575 1008 1617,

416 1025 537 1099 utillo
564 1029 733 1123 deinceps
771 1029 816 1101 ad
839 1025 1033 1098 triennium
1054 1029 1293 1100 tantummodo
1320 1030 1577 1120 nominaretur;

418 1160 486 1232 quo
512 1147 671 1234 tempore
702 1140 835 1234 elapso,
870 1138 970 1211 alteri
1009 1139 1212 1211 cathedram
1246 1140 1402 1214 cederet.
1436 1142 1489 1213 Ea
1517 1143 1581 1213 fuit

397 1239 551 1325 ‘ratione
567 1252 688 1346 Lupus
709 1252 844 1325 Ribera
863 1251 1032 1322 inlocum
1054 1251 1215 1346 Dionysii
1233 1250 1431 1341 Christiani,
1456 1254 1581 1326 eodem

418 1383 520 1450 anno,
542 1364 728 1435 antediem
746 1364 886 1435 tertium
901 1363 1026 1434 Nonas
1044 1362 1171 1449 Maias,
1192 1362 1362 1434 suffectus
1379 1375 1404 1434 ¹.
1424 1351 1426 1358 ’

463 1472 611 1563 Avenio,
629 1475 733 1568 paulo
749 1483 840 1568 post,
860 1474 1076 1546 clarissimos
1095 1496 1181 1545 sane
1193 1473 1315 1545 habuit
1330 1484 1365 1546 et
1380 1475 1576 1569 chirurgos,

416 1586 560 1656 Petrum
581 1586 720 1681 Gouqet
738 1597 772 1658 et
786 1587 987 1658 Rolandum
1003 1585 1237 1675 Provinciam,
1254 1596 1288 1657 et
1299 1587 1457 1658 medicos
1473 1588 1581 1659 veluti

418 1696 599 1769 Claudium
617 1699 778 1787 Bouuat;
806 1721 894 1794 quos
923 1697 1063 1794 quidem
1089 1697 1225 1784 civitas,
1250 1697 1358 1793 'quum
1382 1700 1494 1792 pestis
1511 1701 1582 1771 ins-

416 1819 517 1898 taret,
539 1833 630 1882 anno
657 1811 750 1882 1628
768 1811 944 1897 conduxit,
969 1817 1007 1879 ut
1031 1810 1285 1902 aegrotantibus
1312 1810 1538 1882 subvenirent
1554 1823 1578 1882 ².

416 1921 505 1992 Tum
524 1922 631 1994 etiam
650 1921 1002 2015 Montepessulanam
1020 1919 1210 1991 Medicinae
1229 1921 1459 2009 Facultatem,
1485 1946 1575 2017 quae,

417 2032 507 2103 sicut
522 2041 637 2122 antea,
660 2033 947 2105 Avenionensem
960 2021 1220 2126 praegravabat,
1244 2032 1408 2104 doctores
1425 2031 1581 2105 Avenio-

417 2166 558 2232 nenses,
597 2154 763 2241 quantum
798 2152 997 2238 potuerunt,
1042 2143 1196 2214 aemulati
1228 2143 1390 2215 videntur
1426 2145 1537 2217 fuisse
1553 2145 1578 2216 ³.

417 2255 643 2328 Studentibus
662 2257 754 2328 enim
772 2257 941 2350 deinceps
966 2278 1031 2349 per
1051 2255 1236 2326 triennium
1256 2265 1366 2326 artem
1387 2279 1487 2328 suam
1508 2267 1581 2328 tra-

417 2367 555 2456 debant,
586 2377 832 2462 etcorporum
857 2367 1056 2453 anatomiae,
1084 2389 1163 2461 quac
1190 2367 1265 2438 fere
1291 2368 1455 2460 neglecta
1478 2382 1581 2440 antea

416 2480 542 2568 fuerat,
577 2481 772 2574 impensius
803 2499 884 2551 sese
915 2478 1150 2572 applicabant.
1184 2478 1288 2550 Anno
1320 2480 1422 2566 1696,
1457 2503 1581 2552 mensa

416 2591 543 2684 ingens
562 2615 581 2664 e
598 2592 694 2685 ligno
719 2592 892 2664 fabricata
911 2599 976 2678 est,
999 2590 1035 2660 in
1055 2612 1124 2685 qua
1145 2589 1283 2660 facilius
1307 2612 1365 2662 ars
1384 2593 1581 2664 anatomica

416 2712 671 2775 monstraretur
685 2701 711 2774 ⁴.
732 2702 917 2775 Paululum
938 2701 1045 2793 igitur
1066 2701 1187 2794 vigere
1206 2709 1365 2794 coeperat
1391 2702 1455 2772 sub
1473 2702 1581 2774 finem

418 2815 557 2907 septimi
572 2815 699 2887 decimi
713 2814 836 2886 saeculi
854 2813 1044 2886 Medicinae
1059 2811 1239 2883 Facultas.
1260 2812 1434 2885 Doctores
1454 2837 1582 2908 aggre-

417 2925 491 3018 gati
528 2956 544 2992 «
572 2926 781 2998 uauuerc'bus
814 2924 1059 3022 portibusque
1094 2923 1167 2994 suis
1195 2923 1434 3018 undequaque
1468 2925 1582 2997 adiut-

417 3036 557 3132 pleuda's
575 3038 697 3108 sedulo
717 3037 977 3131 dfliqauterqua
992 3064 1009 3100 »
1029 3034 1287 3119 incumbebant,
1310 3035 1463 3132 nihilque
1486 3060 1581 3131 prae-

418 3149 656 3221 termittebant
691 3171 812 3220 earum
840 3170 969 3235 rerum,
1015 3169 1102 3242 quas
1145 3175 1162 3212 «
1188 3147 1301 3240 fuuaoe
1331 3148 1447 3241 potius
1474 3157 1582 3243 utque

420 3259 543 3332 decori
560 3261 667 3331 ulruoc
686 3259 952 3342 Uuioersitutc's,
972 3281 1076 3355 quam
1086 3258 1254 3354 propriae
1264 3258 1493 3354 priuataeque
1506 3285 1582 3332 succ

421 3371 521 3444 luudc'
535 3401 551 3437 »
572 3372 772 3444 conducere
799 3371 1074 3455 arbitrabantur;
1094 3370 1163 3462 ipsi
1183 3371 1343 3442 «sivein
1368 3371 1583 3443 solemnibus

418 3482 704 3577 praelectionibus
729 3505 808 3554 cum
836 3490 1007 3575 apparatu
1035 3481 1220 3568 faciendis,
1252 3481 1325 3552 sive
1351 3482 1387 3553 in
1410 3483 1583 3555 habendis

308 3633 310 3637 v
418 3594 563 3688 privatis
582 3593 800 3689 publicisque
825 3592 1047 3680 lectionibus,
1079 3600 1184 3688 atque
1207 3593 1394 3664 anatomiae
1422 3595 1585 3666 demons-

418 3706 625 3778 trationibus
641 3714 676 3777 et
692 3705 929 3776 recentiorum
945 3726 986 3776 ac
1003 3703 1182 3804 saniorum
1198 3703 1400 3797 opinionum
1419 3706 1585 3799 explana-

419 3813 582 3905 tionibus,
602 3839 753 3888 necnon
770 3815 877 3888 variis
899 3815 1115 3910 eruditisque
1139 3815 1445 3888 dissertationibus
1466 3818 1579 3906 editis,

421 3950 463 4001 ac
477 3929 628 4017 demum,
648 3928 742 4024 quod
756 3935 861 4022 caput
876 3935 940 4016 est,
962 3927 998 3998 in
1013 3926 1190 4022 frequenti
1213 3934 1248 3998 et
1271 3927 1435 4020 rigorose
1459 3929 1583 4002 docto-

458 4294 483 4346 l.
499 4294 583 4347 Mam.
598 4311 651 4347 aur
665 4297 768 4350 l'Uuio.
786 4298 909 4367 d'Aoiq.,
926 4299 994 4352 tbtd.

456 4380 482 4431 2.
499 4376 639 4440 anssrua,
656 4382 734 4441 ibid„
750 4388 770 4436 t.
788 4382 820 4447 ll,
834 4379 856 4435 Ιο
869 4384 932 4437 ⁶239.

455 4465 481 4517 3.
496 4469 575 4518 ,tuno
595 4465 673 4532 4683,
694 4465 921 4538 Archiepiscopus
944 4468 1146 4524 dvenionensis
1160 4467 1287 4525 doctores
1302 4470 1425 4526 medicos
1442 4467 1584 4525 Universi-

421 4546 624 4702 qqtqqlpudabat
639 4564 687 4605 eos
703 4549 883 4623 peritissimos
899 4551 1051 4623 appellans.
1071 4555 1118 4622 (P.
1135 4557 1187 4608 ret.
1205 4556 1340 4612 ol’tlnto.
1360 4556 1483 4624 d’Aotq„
1501 4562 1521 4608 t.
1537 4552 1582 4623 ΙΙΙ,

454 4719 480 4772 4.
497 4718 582 4773 Mem.
598 4735 651 4772 aur
665 4720 768 4776 nunu.
786 4721 907 4792 d'Aotq.,
924 4719 956 4778 ΙΙ·
971 4723 1024 4780 204
1037 4729 1063 4780 et
1079 4725 1142 4780 220.
