<?xml version="1.0" encoding="UTF-8"?>
<!DOCTYPE html PUBLIC "-//W3C//DTD XHTML 1.0 Transitional//EN"
    "http://www.w3.org/TR/xhtml1/DTD/xhtml1-transitional.dtd">
<html xmlns="http://www.w3.org/1999/xhtml" xml:lang="en" lang="en">
 <head>
  <title>
</title>
<meta http-equiv="Content-Type" content="text/html;charset=utf-8" />
  <meta name='ocr-system' content='tesseract 3.04.00' />
  <meta name='ocr-capabilities' content='ocr_page ocr_carea ocr_par ocr_line ocrx_word'/>
</head>
<body>
  <div class='ocr_page' id='page_1' title='image "./universitatisav00bardgoog_0100.png"; bbox 0 0 3686 5590; ppageno 0'>
   <div class='ocr_carea' id='block_1_1' title="bbox 654 543 1436 619">
    <p class='ocr_par' dir='ltr' id='par_1_1' title="bbox 654 543 1436 619">
     <span class='ocr_line' id='line_1_1' title="bbox 654 543 1436 619; baseline 0.004 -6"><span class='ocrx_word' id='word_1_1' title='bbox 654 555 818 619; x_wconf 79' lang='lat' dir='ltr'>trlsrbnrnn</span> <span class='ocrx_word' id='word_1_2' title='bbox 838 559 1051 617; x_wconf 71' lang='lat' dir='ltr'>rundenario.</span> <span class='ocrx_word' id='word_1_3' title='bbox 1398 543 1436 616; x_wconf 83' lang='grc'>’93</span> 
     </span>
    </p>
   </div>
   <div class='ocr_carea' id='block_1_2' title="bbox 253 681 1506 4133">
    <p class='ocr_par' dir='ltr' id='par_1_2' title="bbox 253 681 1492 1762">
     <span class='ocr_line' id='line_1_2' title="bbox 268 681 1434 776; baseline 0 -18"><span class='ocrx_word' id='word_1_4' title='bbox 268 681 411 759; x_wconf 75' lang='lat' dir='ltr'>‚imberti</span> <span class='ocrx_word' id='word_1_5' title='bbox 421 709 511 760; x_wconf 87' lang='lat' dir='ltr'>coxa</span> <span class='ocrx_word' id='word_1_6' title='bbox 521 687 678 776; x_wconf 84' lang='lat' dir='ltr'>dextera,</span> <span class='ocrx_word' id='word_1_7' title='bbox 694 689 738 759; x_wconf 92' lang='lat' dir='ltr'>ad</span> <span class='ocrx_word' id='word_1_8' title='bbox 750 687 819 760; x_wconf 92' lang='lat' dir='ltr'>divi</span> <span class='ocrx_word' id='word_1_9' title='bbox 827 688 1013 760; x_wconf 88' lang='lat' dir='ltr'>Michaelis</span> <span class='ocrx_word' id='word_1_10' title='bbox 1025 687 1167 760; x_wconf 80' lang='lat' dir='ltr'><strong>sinister</strong></span> <span class='ocrx_word' id='word_1_11' title='bbox 1179 711 1257 760; x_wconf 91' lang='lat' dir='ltr'>cum</span> <span class='ocrx_word' id='word_1_12' title='bbox 1267 687 1434 760; x_wconf 89' lang='lat' dir='ltr'>bracchio</span> 
     </span>
     <span class='ocr_line' id='line_1_3' title="bbox 267 799 1437 895; baseline 0.001 -27"><span class='ocrx_word' id='word_1_13' title='bbox 267 799 446 889; x_wconf 86' lang='lat' dir='ltr'>humerus,</span> <span class='ocrx_word' id='word_1_14' title='bbox 476 800 522 872; x_wconf 91' lang='lat' dir='ltr'>ad</span> <span class='ocrx_word' id='word_1_15' title='bbox 548 807 687 893; x_wconf 90' lang='lat' dir='ltr'>portam</span> <span class='ocrx_word' id='word_1_16' title='bbox 709 800 753 871; x_wconf 94' lang='lat' dir='ltr'>de</span> <span class='ocrx_word' id='word_1_17' title='bbox 780 800 962 872; x_wconf 90' lang='lat' dir='ltr'>Miraculis</span> <span class='ocrx_word' id='word_1_18' title='bbox 988 799 1122 895; x_wconf 89' lang='lat' dir='ltr'>reliqua</span> <span class='ocrx_word' id='word_1_19' title='bbox 1147 822 1246 888; x_wconf 85' lang='lat' dir='ltr'>coxa,</span> <span class='ocrx_word' id='word_1_20' title='bbox 1275 809 1380 892; x_wconf 91' lang='lat' dir='ltr'>caput</span> <span class='ocrx_word' id='word_1_21' title='bbox 1400 800 1437 870; x_wconf 89' lang='lat' dir='ltr'>in</span> 
     </span>
     <span class='ocr_line' id='line_1_4' title="bbox 268 910 1492 1004; baseline 0.002 -24"><span class='ocrx_word' id='word_1_22' title='bbox 268 910 363 982; x_wconf 89' lang='lat' dir='ltr'>circo</span> <span class='ocrx_word' id='word_1_23' title='bbox 392 911 462 982; x_wconf 92' lang='lat' dir='ltr'>divi</span> <span class='ocrx_word' id='word_1_24' title='bbox 495 911 681 996; x_wconf 83' lang='lat' dir='ltr'>Desiderii‚</span> <span class='ocrx_word' id='word_1_25' title='bbox 715 911 854 982; x_wconf 86' lang='lat' dir='ltr'>viscera</span> <span class='ocrx_word' id='word_1_26' title='bbox 876 911 912 982; x_wconf 92' lang='lat' dir='ltr'>in</span> <span class='ocrx_word' id='word_1_27' title='bbox 941 911 1096 1004; x_wconf 89' lang='lat' dir='ltr'>patibulo</span> <span class='ocrx_word' id='word_1_28' title='bbox 1125 933 1221 982; x_wconf 85' lang='lat' dir='ltr'>areae</span> <span class='ocrx_word' id='word_1_29' title='bbox 1246 910 1316 980; x_wconf 90' lang='lat' dir='ltr'>divi</span> <span class='ocrx_word' id='word_1_30' title='bbox 1339 910 1438 983; x_wconf 90' lang='lat' dir='ltr'>Petri</span> <span class='ocrx_word' id='word_1_31' title='bbox 1489 961 1492 965; x_wconf 90' lang='lat'><em>-</em></span> 
     </span>
     <span class='ocr_line' id='line_1_5' title="bbox 269 1021 1431 1118; baseline -0.001 -25"><span class='ocrx_word' id='word_1_32' title='bbox 269 1043 427 1116; x_wconf 89' lang='lat' dir='ltr'>appensa</span> <span class='ocrx_word' id='word_1_33' title='bbox 437 1045 502 1117; x_wconf 90' lang='lat' dir='ltr'>per</span> <span class='ocrx_word' id='word_1_34' title='bbox 513 1045 642 1094; x_wconf 90' lang='lat' dir='ltr'>annum</span> <span class='ocrx_word' id='word_1_35' title='bbox 652 1031 757 1118; x_wconf 88' lang='lat' dir='ltr'>atque</span> <span class='ocrx_word' id='word_1_36' title='bbox 767 1045 809 1093; x_wconf 90' lang='lat' dir='ltr'>eo</span> <span class='ocrx_word' id='word_1_37' title='bbox 822 1023 970 1116; x_wconf 91' lang='lat' dir='ltr'>amplius</span> <span class='ocrx_word' id='word_1_38' title='bbox 981 1031 1153 1094; x_wconf 88' lang='lat' dir='ltr'>steterunt</span> <span class='ocrx_word' id='word_1_39' title='bbox 1168 1023 1213 1094; x_wconf 89' lang='lat' dir='ltr'>ad</span> <span class='ocrx_word' id='word_1_40' title='bbox 1222 1021 1431 1115; x_wconf 85' lang='lat' dir='ltr'>exemplum,</span> 
     </span>
     <span class='ocr_line' id='line_1_6' title="bbox 267 1132 1436 1225; baseline 0.001 -23"><span class='ocrx_word' id='word_1_41' title='bbox 267 1133 411 1204; x_wconf 88' lang='lat' dir='ltr'>humata</span> <span class='ocrx_word' id='word_1_42' title='bbox 435 1134 577 1204; x_wconf 91' lang='lat' dir='ltr'>tandem</span> <span class='ocrx_word' id='word_1_43' title='bbox 594 1133 700 1225; x_wconf 88' lang='lat' dir='ltr'>jussu</span> <span class='ocrx_word' id='word_1_44' title='bbox 729 1132 965 1204; x_wconf 87' lang='lat' dir='ltr'>Cardinalium</span> <span class='ocrx_word' id='word_1_45' title='bbox 992 1133 1037 1204; x_wconf 87' lang='lat' dir='ltr'>ad</span> <span class='ocrx_word' id='word_1_46' title='bbox 1060 1132 1267 1205; x_wconf 85' lang='lat' dir='ltr'>Carmelitas</span> <span class='ocrx_word' id='word_1_47' title='bbox 1292 1155 1300 1203; x_wconf 92' lang='lat'>:</span> <span class='ocrx_word' id='word_1_48' title='bbox 1323 1132 1436 1204; x_wconf 89' lang='lat' dir='ltr'>Treu-</span> 
     </span>
     <span class='ocr_line' id='line_1_7' title="bbox 253 1243 1437 1339; baseline 0.003 -25"><span class='ocrx_word' id='word_1_49' title='bbox 253 1245 412 1339; x_wconf 86' lang='lat' dir='ltr'>-querius</span> <span class='ocrx_word' id='word_1_50' title='bbox 427 1268 506 1316; x_wconf 90' lang='lat' dir='ltr'>cum</span> <span class='ocrx_word' id='word_1_51' title='bbox 522 1244 639 1337; x_wconf 91' lang='lat' dir='ltr'>priore</span> <span class='ocrx_word' id='word_1_52' title='bbox 653 1244 760 1314; x_wconf 93' lang='lat' dir='ltr'>biduo</span> <span class='ocrx_word' id='word_1_53' title='bbox 772 1253 926 1337; x_wconf 90' lang='lat' dir='ltr'>postper</span> <span class='ocrx_word' id='word_1_54' title='bbox 940 1245 1063 1315; x_wconf 92' lang='lat' dir='ltr'>urbem</span> <span class='ocrx_word' id='word_1_55' title='bbox 1078 1267 1157 1315; x_wconf 92' lang='lat' dir='ltr'>cum</span> <span class='ocrx_word' id='word_1_56' title='bbox 1168 1244 1255 1315; x_wconf 89' lang='lat' dir='ltr'>urbe</span> <span class='ocrx_word' id='word_1_57' title='bbox 1265 1244 1301 1314; x_wconf 92' lang='lat' dir='ltr'>in</span> <span class='ocrx_word' id='word_1_58' title='bbox 1318 1243 1437 1318; x_wconf 82' lang='lat' dir='ltr'>tabula</span> 
     </span>
     <span class='ocr_line' id='line_1_8' title="bbox 269 1349 1436 1448; baseline -0.001 -21"><span class='ocrx_word' id='word_1_59' title='bbox 269 1357 409 1448; x_wconf 87' lang='lat' dir='ltr'>depicta</span> <span class='ocrx_word' id='word_1_60' title='bbox 425 1356 654 1427; x_wconf 83' lang='lat' dir='ltr'>circumducti</span> <span class='ocrx_word' id='word_1_61' title='bbox 670 1364 705 1426; x_wconf 93' lang='lat' dir='ltr'>et</span> <span class='ocrx_word' id='word_1_62' title='bbox 726 1356 761 1426; x_wconf 91' lang='lat' dir='ltr'>in</span> <span class='ocrx_word' id='word_1_63' title='bbox 783 1371 925 1426; x_wconf 88' lang='lat' dir='ltr'>erucem</span> <span class='ocrx_word' id='word_1_64' title='bbox 948 1356 1018 1426; x_wconf 91' lang='lat' dir='ltr'>acti</span> <span class='ocrx_word' id='word_1_65' title='bbox 1039 1356 1207 1426; x_wconf 87' lang='lat' dir='ltr'>fuerunt:</span> <span class='ocrx_word' id='word_1_66' title='bbox 1236 1349 1436 1448; x_wconf 80' lang='lat' dir='ltr'>Augustino</span> 
     </span>
     <span class='ocr_line' id='line_1_9' title="bbox 269 1467 1437 1561; baseline -0.001 -23"><span class='ocrx_word' id='word_1_67' title='bbox 269 1478 368 1538; x_wconf 82' lang='lat' dir='ltr'>sexto</span> <span class='ocrx_word' id='word_1_68' title='bbox 384 1478 465 1561; x_wconf 89' lang='lat' dir='ltr'>post</span> <span class='ocrx_word' id='word_1_69' title='bbox 486 1468 541 1538; x_wconf 90' lang='lat' dir='ltr'>die</span> <span class='ocrx_word' id='word_1_70' title='bbox 558 1467 660 1538; x_wconf 89' lang='lat' dir='ltr'>tertio</span> <span class='ocrx_word' id='word_1_71' title='bbox 674 1489 786 1538; x_wconf 91' lang='lat' dir='ltr'>nonas</span> <span class='ocrx_word' id='word_1_72' title='bbox 806 1467 1005 1538; x_wconf 82' lang='lat' dir='ltr'>decembris</span> <span class='ocrx_word' id='word_1_73' title='bbox 1022 1467 1138 1538; x_wconf 87' lang='lat' dir='ltr'>securi</span> <span class='ocrx_word' id='word_1_74' title='bbox 1158 1474 1262 1561; x_wconf 90' lang='lat' dir='ltr'>caput</span> <span class='ocrx_word' id='word_1_75' title='bbox 1278 1467 1437 1538; x_wconf 90' lang='lat' dir='ltr'>avulsum</span> 
     </span>
     <span class='ocr_line' id='line_1_10' title="bbox 268 1579 1436 1676; baseline -0.002 -26"><span class='ocrx_word' id='word_1_76' title='bbox 268 1579 311 1650; x_wconf 91' lang='lat' dir='ltr'>ab</span> <span class='ocrx_word' id='word_1_77' title='bbox 339 1579 526 1650; x_wconf 91' lang='lat' dir='ltr'>humeris:</span> <span class='ocrx_word' id='word_1_78' title='bbox 555 1579 686 1673; x_wconf 81' lang='lat' dir='ltr'>aliquot</span> <span class='ocrx_word' id='word_1_79' title='bbox 712 1579 788 1650; x_wconf 89' lang='lat' dir='ltr'>aliis</span> <span class='ocrx_word' id='word_1_80' title='bbox 818 1579 979 1650; x_wconf 91' lang='lat' dir='ltr'>eamdem</span> <span class='ocrx_word' id='word_1_81' title='bbox 1008 1579 1051 1650; x_wconf 93' lang='lat' dir='ltr'>ob</span> <span class='ocrx_word' id='word_1_82' title='bbox 1082 1601 1227 1676; x_wconf 88' lang='lat' dir='ltr'>causam</span> <span class='ocrx_word' id='word_1_83' title='bbox 1258 1587 1436 1656; x_wconf 85' lang='lat' dir='ltr'>extremus</span> 
     </span>
     <span class='ocr_line' id='line_1_11' title="bbox 256 1690 929 1762; baseline 0.001 -2"><span class='ocrx_word' id='word_1_84' title='bbox 256 1691 361 1761; x_wconf 90' lang='lat' dir='ltr'>-idem</span> <span class='ocrx_word' id='word_1_85' title='bbox 380 1691 560 1762; x_wconf 89' lang='lat' dir='ltr'>cruciatus</span> <span class='ocrx_word' id='word_1_86' title='bbox 577 1690 786 1761; x_wconf 88' lang='lat' dir='ltr'>constitutus</span> <span class='ocrx_word' id='word_1_87' title='bbox 803 1699 857 1761; x_wconf 90' lang='lat' dir='ltr'>est</span> <span class='ocrx_word' id='word_1_88' title='bbox 870 1700 894 1761; x_wconf 87' lang='lat'>¹.</span> <span class='ocrx_word' id='word_1_89' title='bbox 913 1718 929 1756; x_wconf 89' lang='lat'>»</span> 
     </span>
    </p>

    <p class='ocr_par' dir='ltr' id='par_1_3' title="bbox 267 1801 1506 4133">
     <span class='ocr_line' id='line_1_12' title="bbox 317 1801 1435 1898; baseline 0.003 -26"><span class='ocrx_word' id='word_1_90' title='bbox 317 1801 620 1874; x_wconf 90' lang='lat' dir='ltr'>Intereauniversi</span> <span class='ocrx_word' id='word_1_91' title='bbox 633 1801 828 1873; x_wconf 90' lang='lat' dir='ltr'>Benedicto</span> <span class='ocrx_word' id='word_1_92' title='bbox 846 1824 884 1874; x_wconf 91' lang='lat' dir='ltr'>se</span> <span class='ocrx_word' id='word_1_93' title='bbox 896 1801 1057 1872; x_wconf 84' lang='lat' dir='ltr'>infensos</span> <span class='ocrx_word' id='word_1_94' title='bbox 1067 1801 1286 1895; x_wconf 87' lang='lat' dir='ltr'>praebebant,</span> <span class='ocrx_word' id='word_1_95' title='bbox 1308 1802 1435 1898; x_wconf 83' lang='lat' dir='ltr'>quippe</span> 
     </span>
     <span class='ocr_line' id='line_1_13' title="bbox 269 1911 1437 2008; baseline 0.002 -24"><span class='ocrx_word' id='word_1_96' title='bbox 269 1913 326 2008; x_wconf 91' lang='lat' dir='ltr'>qui</span> <span class='ocrx_word' id='word_1_97' title='bbox 353 1913 511 1984; x_wconf 92' lang='lat' dir='ltr'>intanta</span> <span class='ocrx_word' id='word_1_98' title='bbox 540 1935 611 1984; x_wconf 89' lang='lat' dir='ltr'>non</span> <span class='ocrx_word' id='word_1_99' title='bbox 643 1911 756 1983; x_wconf 90' lang='lat' dir='ltr'>solum</span> <span class='ocrx_word' id='word_1_100' title='bbox 787 1913 884 1984; x_wconf 90' lang='lat' dir='ltr'>urbis</span> <span class='ocrx_word' id='word_1_101' title='bbox 911 1912 975 1984; x_wconf 91' lang='lat' dir='ltr'>sed</span> <span class='ocrx_word' id='word_1_102' title='bbox 1000 1912 1107 1983; x_wconf 88' lang='lat' dir='ltr'>totius</span> <span class='ocrx_word' id='word_1_103' title='bbox 1136 1913 1230 1984; x_wconf 91' lang='lat' dir='ltr'>orbis</span> <span class='ocrx_word' id='word_1_104' title='bbox 1256 1914 1437 1986; x_wconf 90' lang='lat' dir='ltr'>christiani</span> 
     </span>
     <span class='ocr_line' id='line_1_14' title="bbox 267 2023 1431 2120; baseline 0 -24"><span class='ocrx_word' id='word_1_105' title='bbox 267 2024 530 2118; x_wconf 81' lang='lat' dir='ltr'>perturbatione</span> <span class='ocrx_word' id='word_1_106' title='bbox 549 2046 681 2094; x_wconf 88' lang='lat' dir='ltr'>vacuas</span> <span class='ocrx_word' id='word_1_107' title='bbox 702 2024 922 2095; x_wconf 81' lang='lat' dir='ltr'>studentibus</span> <span class='ocrx_word' id='word_1_108' title='bbox 948 2023 1090 2094; x_wconf 85' lang='lat' dir='ltr'>scholas</span> <span class='ocrx_word' id='word_1_109' title='bbox 1108 2023 1280 2096; x_wconf 91' lang='lat' dir='ltr'>viderent.</span> <span class='ocrx_word' id='word_1_110' title='bbox 1297 2026 1431 2120; x_wconf 90' lang='lat' dir='ltr'>ltaque,</span> 
     </span>
     <span class='ocr_line' id='line_1_15' title="bbox 270 2133 1438 2232; baseline 0 -24"><span class='ocrx_word' id='word_1_111' title='bbox 270 2145 457 2232; x_wconf 84' lang='lat' dir='ltr'>postquam</span> <span class='ocrx_word' id='word_1_112' title='bbox 477 2137 605 2208; x_wconf 90' lang='lat' dir='ltr'>Petrus</span> <span class='ocrx_word' id='word_1_113' title='bbox 622 2137 667 2208; x_wconf 90' lang='lat' dir='ltr'>de</span> <span class='ocrx_word' id='word_1_114' title='bbox 683 2135 783 2207; x_wconf 87' lang='lat' dir='ltr'>Luna</span> <span class='ocrx_word' id='word_1_115' title='bbox 799 2158 819 2206; x_wconf 93' lang='lat' dir='ltr'>e</span> <span class='ocrx_word' id='word_1_116' title='bbox 838 2135 999 2207; x_wconf 90' lang='lat' dir='ltr'>manibus</span> <span class='ocrx_word' id='word_1_117' title='bbox 1028 2133 1263 2208; x_wconf 90' lang='lat' dir='ltr'>obsidentium</span> <span class='ocrx_word' id='word_1_118' title='bbox 1288 2137 1438 2209; x_wconf 87' lang='lat' dir='ltr'>feliciter</span> 
     </span>
     <span class='ocr_line' id='line_1_16' title="bbox 271 2246 1438 2342; baseline 0.002 -23"><span class='ocrx_word' id='word_1_119' title='bbox 271 2249 382 2319; x_wconf 90' lang='lat' dir='ltr'>evasit</span> <span class='ocrx_word' id='word_1_120' title='bbox 407 2271 499 2319; x_wconf 94' lang='lat' dir='ltr'>auno</span> <span class='ocrx_word' id='word_1_121' title='bbox 528 2246 631 2335; x_wconf 71' lang='lat'><strong>1403,</strong></span> <span class='ocrx_word' id='word_1_122' title='bbox 664 2247 851 2341; x_wconf 83' lang='lat' dir='ltr'>collegium</span> <span class='ocrx_word' id='word_1_123' title='bbox 878 2248 1062 2319; x_wconf 92' lang='lat' dir='ltr'>doctorum</span> <span class='ocrx_word' id='word_1_124' title='bbox 1087 2248 1262 2341; x_wconf 85' lang='lat' dir='ltr'>extemplo</span> <span class='ocrx_word' id='word_1_125' title='bbox 1289 2271 1438 2342; x_wconf 85' lang='lat' dir='ltr'>congre-</span> 
     </span>
     <span class='ocr_line' id='line_1_17' title="bbox 270 2359 1506 2460; baseline 0.002 -29"><span class='ocrx_word' id='word_1_126' title='bbox 270 2368 390 2453; x_wconf 81' lang='lat' dir='ltr'>gatum</span> <span class='ocrx_word' id='word_1_127' title='bbox 405 2361 569 2432; x_wconf 90' lang='lat' dir='ltr'>Romano</span> <span class='ocrx_word' id='word_1_128' title='bbox 588 2359 751 2430; x_wconf 90' lang='lat' dir='ltr'>Pontifici</span> <span class='ocrx_word' id='word_1_129' title='bbox 770 2359 915 2430; x_wconf 89' lang='lat' dir='ltr'>obedire</span> <span class='ocrx_word' id='word_1_130' title='bbox 932 2359 1061 2446; x_wconf 85' lang='lat' dir='ltr'>statuit,</span> <span class='ocrx_word' id='word_1_131' title='bbox 1078 2382 1272 2455; x_wconf 90' lang='lat' dir='ltr'>omnesque</span> <span class='ocrx_word' id='word_1_132' title='bbox 1291 2369 1326 2432; x_wconf 92' lang='lat' dir='ltr'>et</span> <span class='ocrx_word' id='word_1_133' title='bbox 1339 2361 1436 2434; x_wconf 86' lang='lat' dir='ltr'>urbis</span> <span class='ocrx_word' id='word_1_134' title='bbox 1502 2452 1506 2460; x_wconf 32' lang='grc' dir='ltr'>Ι</span> 
     </span>
     <span class='ocr_line' id='line_1_18' title="bbox 270 2471 1438 2565; baseline 0.001 -23"><span class='ocrx_word' id='word_1_135' title='bbox 270 2480 306 2542; x_wconf 89' lang='lat' dir='ltr'>et.</span> <span class='ocrx_word' id='word_1_136' title='bbox 325 2471 463 2542; x_wconf 89' lang='lat' dir='ltr'>viciniae</span> <span class='ocrx_word' id='word_1_137' title='bbox 490 2471 626 2543; x_wconf 88' lang='lat' dir='ltr'>incolas</span> <span class='ocrx_word' id='word_1_138' title='bbox 648 2494 724 2542; x_wconf 84' lang='lat' dir='ltr'>suae</span> <span class='ocrx_word' id='word_1_139' title='bbox 752 2471 936 2542; x_wconf 88' lang='lat' dir='ltr'>sententiae</span> <span class='ocrx_word' id='word_1_140' title='bbox 961 2471 1152 2565; x_wconf 83' lang='lat' dir='ltr'>participes</span> <span class='ocrx_word' id='word_1_141' title='bbox 1169 2471 1292 2543; x_wconf 88' lang='lat' dir='ltr'>habuit</span> <span class='ocrx_word' id='word_1_142' title='bbox 1306 2483 1330 2543; x_wconf 89' lang='lat'>².</span> <span class='ocrx_word' id='word_1_143' title='bbox 1351 2473 1438 2544; x_wconf 84' lang='lat' dir='ltr'>Mox</span> 
     </span>
     <span class='ocr_line' id='line_1_19' title="bbox 270 2582 1437 2678; baseline 0.003 -26"><span class='ocrx_word' id='word_1_144' title='bbox 270 2606 366 2670; x_wconf 89' lang='lat' dir='ltr'>vero,</span> <span class='ocrx_word' id='word_1_145' title='bbox 395 2583 455 2654; x_wconf 91' lang='lat' dir='ltr'>ubi</span> <span class='ocrx_word' id='word_1_146' title='bbox 478 2583 524 2654; x_wconf 92' lang='lat' dir='ltr'>ad</span> <span class='ocrx_word' id='word_1_147' title='bbox 546 2591 701 2654; x_wconf 88' lang='lat' dir='ltr'>castrum</span> <span class='ocrx_word' id='word_1_148' title='bbox 726 2583 770 2654; x_wconf 94' lang='lat' dir='ltr'>de</span> <span class='ocrx_word' id='word_1_149' title='bbox 798 2582 979 2678; x_wconf 75' lang='lat' dir='ltr'>Reymm,</span> <span class='ocrx_word' id='word_1_150' title='bbox 1013 2583 1129 2654; x_wconf 92' lang='lat' dir='ltr'>vicum</span> <span class='ocrx_word' id='word_1_151' title='bbox 1157 2583 1294 2654; x_wconf 90' lang='lat' dir='ltr'>duobus</span> <span class='ocrx_word' id='word_1_152' title='bbox 1324 2583 1437 2658; x_wconf 88' lang='lat' dir='ltr'>leucis</span> 
     </span>
     <span class='ocr_line' id='line_1_20' title="bbox 270 2693 1437 2782; baseline 0.003 -17"><span class='ocrx_word' id='word_1_153' title='bbox 270 2704 405 2766; x_wconf 90' lang='lat' dir='ltr'>tantum</span> <span class='ocrx_word' id='word_1_154' title='bbox 439 2693 623 2766; x_wconf 89' lang='lat' dir='ltr'>Avenione</span> <span class='ocrx_word' id='word_1_155' title='bbox 662 2694 860 2782; x_wconf 85' lang='lat' dir='ltr'>distantem,</span> <span class='ocrx_word' id='word_1_156' title='bbox 904 2693 1136 2766; x_wconf 88' lang='lat' dir='ltr'>Benedictum</span> <span class='ocrx_word' id='word_1_157' title='bbox 1172 2717 1211 2766; x_wconf 89' lang='lat' dir='ltr'>se</span> <span class='ocrx_word' id='word_1_158' title='bbox 1245 2695 1437 2768; x_wconf 88' lang='lat' dir='ltr'>contulisse</span> 
     </span>
     <span class='ocr_line' id='line_1_21' title="bbox 270 2805 1438 2900; baseline 0.001 -21"><span class='ocrx_word' id='word_1_159' title='bbox 270 2807 410 2895; x_wconf 88' lang='lat' dir='ltr'>audivit,</span> <span class='ocrx_word' id='word_1_160' title='bbox 442 2807 485 2878; x_wconf 89' lang='lat' dir='ltr'>de</span> <span class='ocrx_word' id='word_1_161' title='bbox 512 2828 602 2900; x_wconf 88' lang='lat' dir='ltr'>pace</span> <span class='ocrx_word' id='word_1_162' title='bbox 620 2805 738 2877; x_wconf 84' lang='lat' dir='ltr'>foedus</span> <span class='ocrx_word' id='word_1_163' title='bbox 760 2805 858 2876; x_wconf 92' lang='lat' dir='ltr'>inivit</span> <span class='ocrx_word' id='word_1_164' title='bbox 875 2805 1007 2878; x_wconf 65' lang='lat' dir='ltr'>&#39;civitas</span> <span class='ocrx_word' id='word_1_165' title='bbox 1032 2829 1112 2877; x_wconf 87' lang='lat' dir='ltr'>cnm</span> <span class='ocrx_word' id='word_1_166' title='bbox 1136 2807 1243 2878; x_wconf 92' lang='lat' dir='ltr'>Petro</span> <span class='ocrx_word' id='word_1_167' title='bbox 1269 2808 1312 2878; x_wconf 96' lang='lat' dir='ltr'>de</span> <span class='ocrx_word' id='word_1_168' title='bbox 1337 2809 1438 2881; x_wconf 88' lang='lat' dir='ltr'>Luna</span> 
     </span>
     <span class='ocr_line' id='line_1_22' title="bbox 272 2903 1463 3007; baseline 0.002 -17"><span class='ocrx_word' id='word_1_169' title='bbox 272 2941 362 2990; x_wconf 92' lang='lat' dir='ltr'>anno</span> <span class='ocrx_word' id='word_1_170' title='bbox 390 2917 483 2990; x_wconf 70' lang='lat'>1403</span> <span class='ocrx_word' id='word_1_171' title='bbox 498 2917 521 3007; x_wconf 84' lang='lat'>³,</span> <span class='ocrx_word' id='word_1_172' title='bbox 546 2917 603 2990; x_wconf 88' lang='lat' dir='ltr'>cui</span> <span class='ocrx_word' id='word_1_173' title='bbox 621 2926 717 2989; x_wconf 93' lang='lat' dir='ltr'>certe</span> <span class='ocrx_word' id='word_1_174' title='bbox 744 2918 910 2990; x_wconf 88' lang='lat' dir='ltr'>doctores</span> <span class='ocrx_word' id='word_1_175' title='bbox 937 2903 1188 3007; x_wconf 89' lang='lat' dir='ltr'>assenserunt;</span> <span class='ocrx_word' id='word_1_176' title='bbox 1215 2911 1463 2992; x_wconf 85' lang='lat' dir='ltr'>Universitas¹</span> 
     </span>
     <span class='ocr_line' id='line_1_23' title="bbox 272 3029 1439 3104; baseline 0.001 -1"><span class='ocrx_word' id='word_1_177' title='bbox 272 3031 364 3103; x_wconf 89' lang='lat' dir='ltr'>enim</span> <span class='ocrx_word' id='word_1_178' title='bbox 393 3053 474 3102; x_wconf 89' lang='lat' dir='ltr'>sese</span> <span class='ocrx_word' id='word_1_179' title='bbox 506 3030 552 3102; x_wconf 91' lang='lat' dir='ltr'>ad</span> <span class='ocrx_word' id='word_1_180' title='bbox 584 3029 764 3101; x_wconf 88' lang='lat' dir='ltr'>versatilia</span> <span class='ocrx_word' id='word_1_181' title='bbox 799 3029 1101 3102; x_wconf 87' lang='lat' dir='ltr'>Avenionensium</span> <span class='ocrx_word' id='word_1_182' title='bbox 1144 3031 1259 3104; x_wconf 91' lang='lat' dir='ltr'>studia</span> <span class='ocrx_word' id='word_1_183' title='bbox 1301 3032 1439 3104; x_wconf 90' lang='lat' dir='ltr'>videtur</span> 
     </span>
     <span class='ocr_line' id='line_1_24' title="bbox 272 3142 1436 3236; baseline 0.003 -22"><span class='ocrx_word' id='word_1_184' title='bbox 272 3143 577 3215; x_wconf 89' lang='lat' dir='ltr'>accommodasse.</span> <span class='ocrx_word' id='word_1_185' title='bbox 597 3143 655 3228; x_wconf 87' lang='lat' dir='ltr'>Hi,</span> <span class='ocrx_word' id='word_1_186' title='bbox 676 3151 713 3212; x_wconf 92' lang='lat' dir='ltr'>nt</span> <span class='ocrx_word' id='word_1_187' title='bbox 730 3142 879 3236; x_wconf 90' lang='lat' dir='ltr'>primum</span> <span class='ocrx_word' id='word_1_188' title='bbox 900 3165 1024 3235; x_wconf 84' lang='lat' dir='ltr'>regem</span> <span class='ocrx_word' id='word_1_189' title='bbox 1038 3142 1163 3215; x_wconf 81' lang='lat' dir='ltr'>Galliae</span> <span class='ocrx_word' id='word_1_190' title='bbox 1177 3144 1363 3216; x_wconf 86' lang='lat' dir='ltr'>Bonifacio</span> <span class='ocrx_word' id='word_1_191' title='bbox 1382 3145 1436 3218; x_wconf 87' lang='lat' dir='ltr'>IX</span> 
     </span>
     <span class='ocr_line' id='line_1_25' title="bbox 270 3253 1437 3349; baseline 0.003 -25"><span class='ocrx_word' id='word_1_192' title='bbox 270 3255 446 3326; x_wconf 87' lang='lat' dir='ltr'>infensum</span> <span class='ocrx_word' id='word_1_193' title='bbox 462 3254 505 3326; x_wconf 91' lang='lat' dir='ltr'>ob</span> <span class='ocrx_word' id='word_1_194' title='bbox 521 3253 699 3347; x_wconf 87' lang='lat' dir='ltr'>repulsam</span> <span class='ocrx_word' id='word_1_195' title='bbox 714 3263 749 3324; x_wconf 92' lang='lat' dir='ltr'>et</span> <span class='ocrx_word' id='word_1_196' title='bbox 763 3253 1094 3346; x_wconf 85' lang='lat' dir='ltr'>tergiversationem</span> <span class='ocrx_word' id='word_1_197' title='bbox 1117 3264 1376 3349; x_wconf 90' lang='lat' dir='ltr'>compererunt,</span> <span class='ocrx_word' id='word_1_198' title='bbox 1393 3255 1437 3328; x_wconf 91' lang='lat' dir='ltr'>de</span> 
     </span>
     <span class='ocr_line' id='line_1_26' title="bbox 272 3363 1438 3461; baseline 0.001 -24"><span class='ocrx_word' id='word_1_199' title='bbox 272 3367 379 3437; x_wconf 88' lang='lat' dir='ltr'>Petro</span> <span class='ocrx_word' id='word_1_200' title='bbox 410 3365 627 3436; x_wconf 88' lang='lat' dir='ltr'>restituendo</span> <span class='ocrx_word' id='word_1_201' title='bbox 655 3363 947 3458; x_wconf 79' lang='lat' dir='ltr'>cogitaverunt⁴:</span> <span class='ocrx_word' id='word_1_202' title='bbox 977 3388 1169 3461; x_wconf 90' lang='lat' dir='ltr'>eorumque</span> <span class='ocrx_word' id='word_1_203' title='bbox 1201 3366 1438 3438; x_wconf 84' lang='lat' dir='ltr'>defectionem</span> 
     </span>
     <span class='ocr_line' id='line_1_27' title="bbox 271 3477 1439 3550; baseline 0.003 -3"><span class='ocrx_word' id='word_1_204' title='bbox 271 3477 328 3548; x_wconf 91' lang='lat' dir='ltr'>vel</span> <span class='ocrx_word' id='word_1_205' title='bbox 352 3477 486 3548; x_wconf 89' lang='lat' dir='ltr'>imitata</span> <span class='ocrx_word' id='word_1_206' title='bbox 512 3477 569 3547; x_wconf 94' lang='lat' dir='ltr'>vel</span> <span class='ocrx_word' id='word_1_207' title='bbox 605 3486 728 3548; x_wconf 89' lang='lat' dir='ltr'>secuta</span> <span class='ocrx_word' id='word_1_208' title='bbox 756 3485 810 3548; x_wconf 93' lang='lat' dir='ltr'>est</span> <span class='ocrx_word' id='word_1_209' title='bbox 840 3477 1077 3548; x_wconf 89' lang='lat' dir='ltr'>Universitas.</span> <span class='ocrx_word' id='word_1_210' title='bbox 1111 3478 1304 3549; x_wconf 90' lang='lat' dir='ltr'>Doctorum</span> <span class='ocrx_word' id='word_1_211' title='bbox 1333 3477 1439 3550; x_wconf 89' lang='lat' dir='ltr'>fidem</span> 
     </span>
     <span class='ocr_line' id='line_1_28' title="bbox 271 3588 1437 3688; baseline 0.003 -29"><span class='ocrx_word' id='word_1_212' title='bbox 271 3589 412 3660; x_wconf 91' lang='lat' dir='ltr'>minime</span> <span class='ocrx_word' id='word_1_213' title='bbox 429 3597 631 3682; x_wconf 91' lang='lat' dir='ltr'>suspectam</span> <span class='ocrx_word' id='word_1_214' title='bbox 645 3588 766 3660; x_wconf 90' lang='lat' dir='ltr'>babuit</span> <span class='ocrx_word' id='word_1_215' title='bbox 784 3589 999 3688; x_wconf 86' lang='lat' dir='ltr'>Benedictus</span> <span class='ocrx_word' id='word_1_216' title='bbox 1025 3590 1093 3684; x_wconf 88' lang='lat' dir='ltr'>qui,</span> <span class='ocrx_word' id='word_1_217' title='bbox 1124 3613 1229 3685; x_wconf 91' lang='lat' dir='ltr'>quum</span> <span class='ocrx_word' id='word_1_218' title='bbox 1247 3590 1375 3684; x_wconf 87' lang='lat' dir='ltr'>jamin</span> <span class='ocrx_word' id='word_1_219' title='bbox 1395 3614 1437 3662; x_wconf 88' lang='lat' dir='ltr'>co</span> 
     </span>
     <span class='ocr_line' id='line_1_29' title="bbox 272 3699 1438 3794; baseline 0.002 -22"><span class='ocrx_word' id='word_1_220' title='bbox 272 3710 369 3772; x_wconf 90' lang='lat' dir='ltr'>esset</span> <span class='ocrx_word' id='word_1_221' title='bbox 379 3710 417 3771; x_wconf 92' lang='lat' dir='ltr'>ut</span> <span class='ocrx_word' id='word_1_222' title='bbox 431 3700 592 3771; x_wconf 80' lang='lat' dir='ltr'>Genuam</span> <span class='ocrx_word' id='word_1_223' title='bbox 606 3699 902 3794; x_wconf 85' lang='lat' dir='ltr'>proficisceretur,</span> <span class='ocrx_word' id='word_1_224' title='bbox 923 3701 982 3773; x_wconf 93' lang='lat' dir='ltr'>nbi</span> <span class='ocrx_word' id='word_1_225' title='bbox 997 3701 1225 3772; x_wconf 87' lang='lat' dir='ltr'>restituendae</span> <span class='ocrx_word' id='word_1_226' title='bbox 1237 3703 1438 3774; x_wconf 85' lang='lat' dir='ltr'>concordiae</span> 
     </span>
     <span class='ocr_line' id='line_1_30' title="bbox 272 3813 1438 3908; baseline 0.002 -23"><span class='ocrx_word' id='word_1_227' title='bbox 272 3835 476 3885; x_wconf 88' lang='lat' dir='ltr'>causacum</span> <span class='ocrx_word' id='word_1_228' title='bbox 493 3813 722 3906; x_wconf 87' lang='lat' dir='ltr'>competitore</span> <span class='ocrx_word' id='word_1_229' title='bbox 742 3835 1001 3906; x_wconf 83' lang='lat' dir='ltr'>congressurus</span> <span class='ocrx_word' id='word_1_230' title='bbox 1018 3822 1103 3901; x_wconf 89' lang='lat' dir='ltr'>erat,</span> <span class='ocrx_word' id='word_1_231' title='bbox 1123 3813 1285 3885; x_wconf 84' lang='lat' dir='ltr'>Nicaeam</span> <span class='ocrx_word' id='word_1_232' title='bbox 1298 3814 1438 3908; x_wconf 81' lang='lat' dir='ltr'>legatos</span> 
     </span>
     <span class='ocr_line' id='line_1_31' title="bbox 273 3923 1439 4020; baseline 0.001 -23"><span class='ocrx_word' id='word_1_233' title='bbox 273 3923 423 3997; x_wconf 90' lang='lat' dir='ltr'>civitatis</span> <span class='ocrx_word' id='word_1_234' title='bbox 439 3924 801 4020; x_wconf 88' lang='lat' dir='ltr'>atqueUniversitatis</span> <span class='ocrx_word' id='word_1_235' title='bbox 819 3923 1081 3998; x_wconf 87' lang='lat' dir='ltr'>Avenionensis</span> <span class='ocrx_word' id='word_1_236' title='bbox 1093 3947 1185 3996; x_wconf 90' lang='lat' dir='ltr'>anno</span> <span class='ocrx_word' id='word_1_237' title='bbox 1203 3926 1296 3998; x_wconf 80' lang='lat'>1405</span> <span class='ocrx_word' id='word_1_238' title='bbox 1309 3949 1439 3998; x_wconf 79' lang='lat' dir='ltr'>convo-</span> 
     </span>
     <span class='ocr_line' id='line_1_32' title="bbox 273 4035 1435 4133; baseline 0.003 -25"><span class='ocrx_word' id='word_1_239' title='bbox 273 4035 374 4126; x_wconf 85' lang='lat' dir='ltr'>cavit,</span> <span class='ocrx_word' id='word_1_240' title='bbox 398 4036 605 4133; x_wconf 90' lang='lat' dir='ltr'>quibuscum</span> <span class='ocrx_word' id='word_1_241' title='bbox 624 4036 668 4108; x_wconf 91' lang='lat' dir='ltr'>de</span> <span class='ocrx_word' id='word_1_242' title='bbox 686 4036 886 4108; x_wconf 88' lang='lat' dir='ltr'>obedientia</span> <span class='ocrx_word' id='word_1_243' title='bbox 906 4037 1004 4110; x_wconf 91' lang='lat' dir='ltr'>urbis</span> <span class='ocrx_word' id='word_1_244' title='bbox 1029 4038 1203 4110; x_wconf 88' lang='lat' dir='ltr'>servanda</span> <span class='ocrx_word' id='word_1_245' title='bbox 1221 4037 1435 4111; x_wconf 83' lang='lat' dir='ltr'>conferret⁵.</span> 
     </span>
    </p>
   </div>
   <div class='ocr_carea' id='block_1_3' title="bbox 308 4295 1423 4543">
    <p class='ocr_par' dir='ltr' id='par_1_4' title="bbox 308 4295 1423 4543">
     <span class='ocr_line' id='line_1_33' title="bbox 310 4295 1071 4370; baseline 0.004 -21"><span class='ocrx_word' id='word_1_246' title='bbox 310 4297 334 4350; x_wconf 90' lang='lat' dir='ltr'>l.</span> <span class='ocrx_word' id='word_1_247' title='bbox 351 4295 481 4361; x_wconf 65' lang='lat' dir='ltr'>Vinum„</span> <span class='ocrx_word' id='word_1_248' title='bbox 496 4296 530 4352; x_wconf 91' lang='lat' dir='ltr'>de</span> <span class='ocrx_word' id='word_1_249' title='bbox 543 4297 643 4370; x_wconf 80' lang='lat' dir='ltr'>Magno</span> <span class='ocrx_word' id='word_1_250' title='bbox 659 4295 770 4354; x_wconf 86' lang='lat' dir='ltr'>schism.</span> <span class='ocrx_word' id='word_1_251' title='bbox 787 4297 897 4360; x_wconf 83' lang='lat' dir='ltr'>oratio,</span> <span class='ocrx_word' id='word_1_252' title='bbox 911 4295 933 4352; x_wconf 87' lang='lat' dir='ltr'>f⁰</span> <span class='ocrx_word' id='word_1_253' title='bbox 951 4299 1011 4353; x_wconf 77' lang='lat' dir='ltr'>nlo.</span> <span class='ocrx_word' id='word_1_254' title='bbox 1068 4301 1071 4308; x_wconf 79' lang='grc'><em>’</em></span> 
     </span>
     <span class='ocr_line' id='line_1_34' title="bbox 309 4381 1255 4455; baseline 0.007 -20"><span class='ocrx_word' id='word_1_255' title='bbox 309 4387 335 4436; x_wconf 71' lang='lat'>2.</span> <span class='ocrx_word' id='word_1_256' title='bbox 352 4381 479 4451; x_wconf 76' lang='lat' dir='ltr'>Flavum,</span> <span class='ocrx_word' id='word_1_257' title='bbox 495 4393 513 4437; x_wconf 93' lang='lat' dir='ltr'>t.</span> <span class='ocrx_word' id='word_1_258' title='bbox 530 4385 553 4449; x_wconf 68' lang='lat' dir='ltr'>l,</span> <span class='ocrx_word' id='word_1_259' title='bbox 569 4400 596 4454; x_wconf 89' lang='lat' dir='ltr'>p.</span> <span class='ocrx_word' id='word_1_260' title='bbox 613 4385 657 4436; x_wconf 81' lang='lat'>3³.</span> <span class='ocrx_word' id='word_1_261' title='bbox 672 4414 707 4423; x_wconf 98' lang='lat'><strong>—</strong></span> <span class='ocrx_word' id='word_1_262' title='bbox 721 4386 805 4436; x_wconf 79' lang='lat' dir='ltr'>Mem.</span> <span class='ocrx_word' id='word_1_263' title='bbox 827 4401 880 4437; x_wconf 81' lang='lat' dir='ltr'>sur</span> <span class='ocrx_word' id='word_1_264' title='bbox 895 4385 999 4439; x_wconf 77' lang='lat' dir='ltr'>l&#39;Unto.</span> <span class='ocrx_word' id='word_1_265' title='bbox 1015 4382 1157 4455; x_wconf 65' lang='lat' dir='ltr'>d&#39;Aotqn„</span> <span class='ocrx_word' id='word_1_266' title='bbox 1174 4383 1194 4440; x_wconf 79' lang='lat' dir='ltr'>b</span> <span class='ocrx_word' id='word_1_267' title='bbox 1210 4386 1255 4442; x_wconf 73' lang='grc'>45.</span> 
     </span>
     <span class='ocr_line' id='line_1_35' title="bbox 308 4467 1423 4543; baseline 0.007 -21"><span class='ocrx_word' id='word_1_268' title='bbox 308 4471 324 4522; x_wconf 90' lang='grc'><strong>3</strong></span> <span class='ocrx_word' id='word_1_269' title='bbox 349 4467 484 4532; x_wconf 80' lang='lat' dir='ltr'>Fonntnv,</span> <span class='ocrx_word' id='word_1_270' title='bbox 499 4470 577 4526; x_wconf 76' lang='lat' dir='ltr'>tbtd.</span> <span class='ocrx_word' id='word_1_271' title='bbox 596 4486 622 4541; x_wconf 92' lang='lat' dir='ltr'>p.</span> <span class='ocrx_word' id='word_1_272' title='bbox 639 4472 701 4524; x_wconf 74' lang='lat'><strong>659.</strong></span> <span class='ocrx_word' id='word_1_273' title='bbox 721 4497 748 4508; x_wconf 79' lang='lat'>-</span> <span class='ocrx_word' id='word_1_274' title='bbox 767 4469 850 4522; x_wconf 80' lang='lat' dir='ltr'>Caua.</span> <span class='ocrx_word' id='word_1_275' title='bbox 867 4468 962 4534; x_wconf 64' lang='lat' dir='ltr'>Veni„</span> <span class='ocrx_word' id='word_1_276' title='bbox 975 4479 994 4525; x_wconf 84' lang='lat' dir='ltr'>t.</span> <span class='ocrx_word' id='word_1_277' title='bbox 1012 4469 1056 4524; x_wconf 86' lang='lat' dir='ltr'>lll.</span> <span class='ocrx_word' id='word_1_278' title='bbox 1071 4469 1094 4524; x_wconf 86' lang='lat' dir='ltr'>s0</span> <span class='ocrx_word' id='word_1_279' title='bbox 1112 4473 1346 4543; x_wconf 76' lang='lat' dir='ltr'>¹83.-Fna.vsov‚</span> <span class='ocrx_word' id='word_1_280' title='bbox 1357 4469 1423 4530; x_wconf 80' lang='lat' dir='ltr'>ibid.</span> 
     </span>
    </p>
   </div>
   <div class='ocr_carea' id='block_1_4' title="bbox 193 4551 475 4624">
    <p class='ocr_par' dir='ltr' id='par_1_5' title="bbox 193 4551 475 4624">
     <span class='ocr_line' id='line_1_36' title="bbox 193 4551 475 4624; baseline -0.011 -14"><span class='ocrx_word' id='word_1_281' title='bbox 193 4561 197 4572; x_wconf 92' lang='lat'>&#39;</span> <span class='ocrx_word' id='word_1_282' title='bbox 274 4562 293 4609; x_wconf 81' lang='lat' dir='ltr'>t.</span> <span class='ocrx_word' id='word_1_283' title='bbox 310 4551 353 4623; x_wconf 86' lang='lat' dir='ltr'>lV,</span> <span class='ocrx_word' id='word_1_284' title='bbox 370 4569 396 4624; x_wconf 91' lang='lat' dir='ltr'>p.</span> <span class='ocrx_word' id='word_1_285' title='bbox 413 4555 475 4607; x_wconf 72' lang='lat' dir='ltr'>aet.</span> 
     </span>
    </p>
   </div>
   <div class='ocr_carea' id='block_1_5' title="bbox 310 4636 845 4794">
    <p class='ocr_par' dir='ltr' id='par_1_6' title="bbox 310 4636 845 4794">
     <span class='ocr_line' id='line_1_37' title="bbox 310 4636 845 4711; baseline 0.004 -19"><span class='ocrx_word' id='word_1_286' title='bbox 310 4637 335 4692; x_wconf 78' lang='grc'>6.</span> <span class='ocrx_word' id='word_1_287' title='bbox 352 4637 478 4703; x_wconf 75' lang='lat' dir='ltr'>Vennum,</span> <span class='ocrx_word' id='word_1_288' title='bbox 492 4636 526 4693; x_wconf 87' lang='lat' dir='ltr'>dc</span> <span class='ocrx_word' id='word_1_289' title='bbox 540 4637 631 4711; x_wconf 81' lang='lat' dir='ltr'>Magn.</span> <span class='ocrx_word' id='word_1_290' title='bbox 648 4636 760 4693; x_wconf 86' lang='lat' dir='ltr'>schism.</span> <span class='ocrx_word' id='word_1_291' title='bbox 777 4648 845 4694; x_wconf 81' lang='lat' dir='ltr'>orat.</span> 
     </span>
     <span class='ocr_line' id='line_1_38' title="bbox 310 4720 750 4794; baseline 0.009 -16"><span class='ocrx_word' id='word_1_292' title='bbox 310 4723 335 4778; x_wconf 81' lang='lat' dir='ltr'>t.</span> <span class='ocrx_word' id='word_1_293' title='bbox 352 4723 434 4781; x_wconf 77' lang='lat' dir='ltr'>Caua.</span> <span class='ocrx_word' id='word_1_294' title='bbox 450 4720 543 4794; x_wconf 70' lang='lat' dir='ltr'>Vtin,</span> <span class='ocrx_word' id='word_1_295' title='bbox 561 4732 579 4778; x_wconf 87' lang='lat' dir='ltr'>t.</span> <span class='ocrx_word' id='word_1_296' title='bbox 593 4721 638 4788; x_wconf 73' lang='grc' dir='ltr'>ΙΙΙ,</span> <span class='ocrx_word' id='word_1_297' title='bbox 653 4721 674 4780; x_wconf 85' lang='lat' dir='ltr'>l⁰</span> <span class='ocrx_word' id='word_1_298' title='bbox 692 4724 750 4782; x_wconf 73' lang='grc'>189.</span> 
     </span>
    </p>
   </div>
   <div class='ocr_carea' id='block_1_6' title="bbox 0 0 1855 5590">
    <p class='ocr_par' dir='ltr' id='par_1_7' title="bbox 0 0 1855 5590">
     <span class='ocr_line' id='line_1_39' title="bbox 0 0 1855 5590; baseline 0 0"><span class='ocrx_word' id='word_1_299' title='bbox 0 0 1855 5590; x_wconf 95' lang='lat' dir='ltr'> </span> 
     </span>
    </p>
   </div>
  </div>
 </body>
</html>
