3676 5592
427 517 465 609 ld
773 539 1007 609 uutuaasr'rnris
1028 546 1248 610 avumou‘susrs'

425 681 684 754 Avenionensis
733 681 931 754 confirmari
973 705 1093 776 posse,
1141 681 1209 752 nisi
1249 689 1455 752 crearentur
1489 659 1591 752 simul

424 793 599 865 herbariae
614 792 798 887 professor
807 802 911 888 atque
925 794 1063 868 hortus.
1082 795 1215 888 ltaque,
1236 815 1328 864 anno
1347 791 1450 879 1712,
1465 815 1589 862 rursus

426 905 538 976 oravit
566 928 739 976 summum
767 903 975 976 Pontificem
1010 903 1248 991 Primicerius,
1285 912 1323 973 ut
1361 901 1613 974 Universitati'

425 1015 593 1087 tribueret
627 1014 763 1111 reliqua
805 1015 1012 1086 Venaiscini
1046 1014 1239 1086 Comitatus
1280 1012 1454 1084 tabularia
1485 1022 1588 1108 atque

424 1126 557 1198 reditus
587 1156 604 1192 «
620 1125 739 1222 campi
754 1125 874 1219 florctc'
888 1155 923 1209 u,
944 1126 1037 1197 unde
1055 1124 1270 1218 professoris
1287 1124 1462 1196 botanicae
1484 1133 1588 1220 atque

423 1237 516 1309 horti
531 1238 674 1309 cultoris
701 1237 925 1309 sufficeretur
952 1236 1210 1308 emolumentis.
1235 1235 1425 1306 Nescimus
1446 1257 1491 1308 an
1506 1235 1589 1306 illud

424 1348 675 1442 impetraverit.
701 1348 804 1420 Certe
830 1371 895 1420 sex
919 1357 1001 1442 post
1024 1347 1124 1419 annis
1143 1347 1321 1418 institutus
1341 1355 1396 1419 est
1413 1347 1588 1418 herbariae

424 1459 608 1553 professor
621 1459 643 1530 J
647 1482 780 1531 oannes
797 1459 959 1553 Baptista
979 1457 1170 1554 Gustuldp,
1190 1457 1246 1529 cui
1265 1473 1285 1524 ·«
1301 1457 1419 1554 compi
1435 1457 1554 1550 floreti
1568 1487 1584 1522 »

424 1571 558 1642 reditus
573 1570 737 1642 destinati
753 1580 845 1641 sunt.
864 1570 937 1658 llle,
956 1570 1104 1641 hiberno
1123 1579 1293 1663 tempore,
1318 1569 1589 1664 disputationem

425 1683 469 1753 de
483 1682 666 1754 virtutibus
681 1681 870 1754 herbarum
890 1681 1072 1769 recitabat,
1094 1682 1217 1754 aestivo
1234 1690 1366 1769 contra,
1385 1681 1430 1753 ad
1449 1681 1588 1774 experi-

425 1793 543 1864 ment'a
567 1793 758 1887 discipulos
784 1815 929 1864 saurus
957 1815 1020 1863 seu
1035 1793 1070 1878 in
1089 1793 1228 1863 hortum
1246 1793 1409 1864 ducebat.
1435 1791 1587 1864 Succes-

426 1926 543 1976 sorem
555 1904 676 1975 habuit
691 1905 711 1975 J
715 1905 887 1997 osephum
902 1903 1010 1974 Brun
1025 1925 1116 1976 anno
1138 1903 1230 1974 1722
1248 1914 1271 1976 ¹.

473 2016 607 2087 Eodem
620 2038 723 2102 auno,
744 2015 947 2086 doctoribus
965 2015 1001 2085 in
1015 2015 1189 2086 medicina
1208 2014 1359 2110 quinque
1378 2015 1518 2087 viduata
1533 2023 1587 2086 est

424 2126 923 2214 UniversitasAvenionensis
939 2149 1086 2222 quorum
1104 2135 1253 2222 quatuor
1268 2149 1333 2219 pro
1349 2127 1481 2198 civibus
1498 2126 1581 2215 suis,

423 2248 495 2310 tum
516 2247 618 2332 peste
635 2236 886 2324 laborantibus,
910 2237 1056 2330 egregie
1073 2259 1111 2308 se
1129 2237 1357 2308 devoverant.
1369 2237 1586 2308 Studentium

425 2373 563 2447 quoque
605 2372 772 2420 numerus
803 2348 1010 2420 decreverat
1029 2360 1053 2421 ².
1085 2349 1184 2420 ldeo
1210 2349 1368 2420 Joannes
1409 2347 1586 2444 Gustcldp

424 2462 609 2534 medicinae
637 2460 823 2556 professor
852 2467 907 2544 est
935 2460 1080 2548 electus,
1118 2469 1154 2531 ut
1185 2460 1280 2532 fama
1305 2460 1370 2530 viri
1398 2460 1482 2532 artis
1511 2483 1585 2531 suae

423 2573 626 2670 peritissimi
659 2572 841 2644 scholares
874 2572 1093 2644 Avenionem
1123 2572 1389 2643 reducerentur.
1417 2571 1586 2642 Eamdem

424 2687 468 2758 ob
492 2707 636 2759 causam
653 2683 675 2756 J
679 2685 834 2779 osephus
857 2683 1013 2767 Martio,
1039 2685 1163 2756 doctor
1185 2684 1531 2778 Montepessulanus‚
1550 2682 1585 2753 in

424 2797 606 2871 doctorum
626 2806 902 2892 aggregatorum
922 2795 1172 2869 Avenionense
1192 2796 1379 2890 collegium
1398 2804 1453 2867 est
1480 2818 1586 2889 coop-

423 2918 515 2983 tatus
532 2909 557 2982 ⁸.

472 3022 613 3094 Mortuo
628 3029 745 3094 autem
761 3017 1054 3117 Gustcldp,auno
1074 3019 1176 3109 1747,
1192 3020 1353 3114 peritiam
1368 3019 1432 3091 viri
1441 3001 1587 3092 ¹minime

423 3131 636 3208 desiderauit
659 3132 806 3221 Avenio,
839 3133 967 3229 quippe
994 3155 1073 3229 quae
1097 3132 1205 3204 filium
1232 3132 1320 3226 ejus,
1346 3132 1587 3205 felicissimum

423 3255 582 3343 paternae
595 3244 709 3318 laudis
726 3245 890 3316 aemulum
905 3254 940 3316 et
954 3245 1013 3317 diu
1031 3243 1280 3333 desideratum,
1292 3241 1588 3338 recuperaverit⁴.

424 3360 520 3434 Inter
545 3364 684 3430 ceteros
702 3356 808 3451 hujus
822 3357 936 3429 aetatis
953 3357 1118 3429 doctores
1135 3357 1295 3428 omittere
1310 3379 1381 3430 non
1398 3376 1588 3450 possumus

462 3683 485 3738 i.
501 3681 585 3738 nam.
602 3693 655 3738 attr
670 3679 774 3738 l'Uniu.
791 3675 913 3753 d'Aoi9.,
929 3679 1034 3748 101263,
1051 3682 1113 3752 27⁴,
1131 3685 1234 3739 7116νῦ.

460 3769 486 3824 2.
503 3767 557 3824 Nec
570 3768 679 3838 mirum,
693 3784 777 3840 quum
797 3783 908 3841 parvum
925 3769 1066 3840 sapientiae
1086 3769 1281 3826 documentum
1297 3769 1424 3826 dederint
1446 3771 1589 3828 medicinae

425 3845 570 3910 Frtcuitatis
582 3853 718 3920 doctores,
734 3853 780 3926 qui
794 3861 896 3925 pestem
902 3852 957 3922 jam
972 3853 1001 3908 in
1015 3855 1082 3909 urbe
1096 3854 1254 3910 saevientem
1266 3871 1415 3930 agnoscere
1429 3858 1587 3914 noluerunt.

425 3939 531 3996 Primus
556 3953 615 3994 eam
640 3937 751 4012 agnovit
772 3937 926 3994 Ludcvicus
947 3943 1063 4000 Manae,
1088 3939 1285 3996 celeberrimus
1300 3941 1410 4012 quidem
1427 3941 1588 4016 chirurgus3

425 4023 468 4080 cui
491 4039 586 4096 parum
607 4021 694 4078 abfuit
716 4026 783 4096 quin
808 4039 857 4078 sua
877 4033 988 4080 uoueret
1009 4025 1152 4098 sagacitas.
1167 4025 1288 4098 Namque
1303 4027 1406 4081 invidia
1420 4027 1587 4084 medicorum

426 4109 504 4182 plebs
516 4110 631 4164 excitata
646 4107 777 4164 conviciis
790 4117 816 4164 at
832 4108 985 4164 maledictis
1003 4125 1065 4164 eum
1080 4109 1197 4181 petebat,
1220 4111 1379 4183 lapidesque
1393 4111 1418 4166 ei
1433 4122 1460 4168 et
1473 4125 1588 4168 mortem

425 4209 497 4266 saepe
519 4192 685 4248 minabatur.
700 4191 725 4247 ls
740 4192 828 4264 plebis
850 4194 962 4265 quidem
981 4192 1116 4260 furorem,
1131 4195 1275 4251 doctorum
1296 4211 1362 4252 uero
1384 4195 1515 4252 invidiam
1532 4213 1588 4254 non

425 4280 514 4359 potuit
525 4276 655 4352 effugere,
667 4278 715 4350 qui
725 4277 811 4332 tilium
826 4277 886 4348 ejus
897 4279 1005 4334 Petrum
1021 4278 1198 4347 ludovicum,
1210 4280 1266 4350 jam
1278 4280 1458 4350 licentiatum
1468 4284 1496 4336 in
1507 4282 1590 4338 colle·

425 4365 499 4438 glum
514 4363 655 4420 doctorum
671 4373 882 4436 aggregatorum
895 4367 1018 4435 recipere
1029 4375 1199 4421 recusarunt.
1215 4369 1363 4426 (chanaon
1376 4368 1414 4422 du
1425 4370 1544 4422 Peterin
1554 4369 1588 4422 de

425 4451 620 4506 Sciat-Roob.
643 4478 676 4490 -
697 4452 892 4504 Attestattous
916 4466 951 4503 en
974 4453 1079 4518 sedeur
1100 4452 1134 4505 da
1157 4454 1315 4506 Messieurs
1342 4456 1449 4508 Manna
1465 4455 1535 4523 pdre
1561 4459 1588 4509 et

425 4539 481 4608 ptis,
497 4535 769 4600 etc.,Rome1750.)
787 4572 790 4577 -

461 4625 487 4677 3.
502 4623 587 4674 Mem.
600 4636 653 4673 aur
666 4619 769 4673 t’Uuto.
784 4619 906 4690 d'Aui9.‚
919 4617 941 4674 l⁰
954 4623 1015 4676 986.

465 4708 490 4764 t.
508 4705 594 4770 Briau,
607 4712 626 4759 t.
644 4702 677 4773 11,
691 4707 787 4776 p.8et
799 4706 825 4759 9.
