3676 5592
635 564 811 632 ’1116101161
832 579 1044 630 unuunnurro.
1321 557 1325 566 '
1388 561 1425 626 57

265 704 400 808 equites
421 709 526 784 etiam
544 708 647 804 primi
669 711 801 784 ordinis
823 709 1044 806 opinabatur.
1064 709 1105 782 ln
1126 705 1274 804 publicis
1294 701 1424 778 sulem·

262 825 427 896 nitatibus
469 832 550 918 post
588 825 780 913 bedellum,
817 847 938 898 massa
980 825 1205 910 instructum,
1247 816 1426 915 pontificia

263 937 408 1009 cohorte
427 937 611 1009 comitatus
631 937 828 1026 incedebat,
851 937 1031 1032 proximus
1052 936 1258 1030 episcopum
1276 929 1425 1004 civitatis

264 1057 298 1120 et
312 1049 482 1120 vicarium
495 1049 616 1121 ordine
636 1073 804 1145 sequens.
825 1052 866 1121 ln
884 1051 1020 1122 actibus
1036 1046 1284 1119 Universitatis
1301 1064 1423 1116 omnes

262 1161 490 1254 magistratus
521 1161 557 1231 in
591 1185 810 1258 quacumque
841 1163 958 1234 forent
992 1162 1160 1255 dignitate
1193 1158 1347 1252 priorem
1376 1153 1426 1224 illi

183 1307 185 1314 ¹
261 1273 377 1345 locum
400 1273 572 1345 cedebant
587 1283 611 1343 ¹.
639 1275 739 1344 lllum
762 1275 905 1346 tandem
930 1274 1166 1368 pulcherrimo
1186 1280 1221 1342 et
1244 1277 1423 1364 postremo

263 1384 392 1456 decore
415 1385 551 1456 ornavit
578 1386 793 1457 Benedictus
824 1387 926 1474 Xlll,
951 1386 1009 1482 qui
1035 1394 1115 1457 ante
1145 1385 1238 1455 diem
1267 1387 1426 1476 quartum

263 1496 436 1567 decimum
450 1497 531 1568 Kal.
549 1496 674 1568 Octoh.
688 1499 770 1568 anni
785 1499 888 1586 1728,
910 1498 1101 1570 declaravit
1118 1496 1258 1590 «ipsius
1273 1492 1425 1564 Univer-

263 1607 375 1708 sitatis
402 1608 682 1680 Primicoriatum
702 1617 774 1682 tam
793 1610 836 1682 do
861 1610 1042 1704 praeterito
1065 1631 1169 1705 quam
1186 1608 1222 1677 in
1245 1613 1426 1700 posterum

262 1743 337 1790 esse
355 1729 390 1790 et
416 1718 542 1814 foisse,
569 1720 787 1792 constituere
809 1730 844 1792 61
866 1721 1091 1794 constituisse
1116 1720 1253 1790 titulum
1275 1716 1425 1810 primor-

263 1830 390 1902 dialem
400 1854 496 1903 verae
511 1832 701 1904 nobilitatis
715 1833 760 1903 ad
771 1834 1030 1905 descendentes
1043 1829 1349 1904 transmissibilem
1365 1838 1422 1896 ²».

264 1941 320 2013 Sic
353 1966 475 2014 omnes
509 1942 705 2016 Primicerii
731 1952 803 2016 tam
830 1945 922 2016 illius
952 1968 1056 2040 quam
1086 1943 1277 2037 praeteritae
1310 1939 1425 2010 aetatis

262 2054 447 2147 patriciatu
474 2055 720 2127 liberalissime
745 2057 864 2129 donati
888 2065 981 2128 sunt.
1002 2056 1105 2140 Quod
1132 2055 1272 2150 quidem
1293 2052 1358 2122 Pio
1374 2050 1425 2120 VI

261 2165 551 2260 intemperantius
583 2167 696 2238 visum
725 2177 780 2239 est
813 2168 958 2240 factum.
990 2169 1153 2262 Namque
1183 2187 1339 2236 summus
1368 2161 1424 2232 ille

262 2277 427 2349 Pontifex
451 2278 580 2365 statuit,
612 2301 704 2350 anno
732 2279 834 2367 1788,
869 2280 1084 2352 nobilitatem
1107 2277 1284 2350 anemine
1308 2282 1427 2369 poste-

262 2389 354 2460 ritati
369 2413 478 2483 posse
497 2391 694 2478 transmitti,
718 2392 786 2464 nisi
801 2393 844 2464 ab
862 2393 905 2463 iis
922 2392 1050 2488 quibis
1065 2389 1302 2485 primiceriatu
1316 2385 1426 2457 functi

263 2509 393 2589 essent,
416 2511 476 2572 aut
490 2510 627 2595 patrem
636 2503 712 2596 jam
727 2504 972 2576 Primicerinm
988 2503 1197 2575 habuissent
1212 2499 1237 2572 ³.

310 2613 399 2684 Eam
414 2623 531 2684 autem
548 2613 754 2706 dignitatem
776 2623 894 2686 tantus
914 2623 950 2686 et
972 2623 1043 2686 tam
1067 2614 1186 2707 gravis
1200 2612 1301 2683 labor
1316 2609 1426 2683 comi-

262 2724 410 2812 tabatur,
429 2733 466 2795 ut
480 2724 587 2813 multi,
608 2725 665 2820 qui
678 2725 834 2798 honores
846 2726 1011 2798 libentius
1027 2725 1261 2819 accepissent,
1280 2745 1425 2816 operam
1505 2747 1506 2750 ¹

262 2844 379 2909 tamen
403 2837 559 2907 muneris
580 2846 614 2907 et
639 2837 805 2908 sudorem
819 2838 1100 2924 reformidarent,
1127 2837 1278 2931 ideoque
1298 2833 1426 2906 Primi-

263 2948 431 3019 ceriatum
458 2949 705 3020 detrectarent.
734 2948 837 3020 Anno
860 2949 963 3038 1536,
985 2949 1212 3021 Primicerius
1238 2946 1378 3043 quidam
1406 2968 1426 3017 a

262 3059 397 3152 Legato
423 3059 693 3132 Claromontano
711 3061 920 3155 impetravit,
941 3069 978 3132 ut
995 3061 1245 3153 magistrorum
1259 3080 1425 3129 numerus

260 3172 305 3242 ad
323 3181 473 3267 quatuor
491 3172 770 3260 contraheretur,
797 3182 832 3245 et
853 3174 991 3245 duobus
1010 3171 1308 3267 consequentibus
1325 3169 1425 3242 annis

259 3284 423 3355 doctores
450 3283 530 3370 duo,
563 3284 621 3378 qui
647 3307 717 3355 non
744 3285 924 3372 docerent,
953 3283 1197 3357 Primiceriatu
1230 3283 1425 3375 fungeren-

256 3405 322 3484 tur,
345 3395 516 3488 magistri,
536 3395 594 3490 qui
620 3395 781 3488 legerent
810 3397 965 3477 alternis,
998 3425 1014 3462 «
1037 3394 1425 3468 circumscribereutur

255 3506 412 3578 triennio
427 3536 444 3572 »
465 3530 473 3577 :
492 3507 536 3578 de
552 3529 619 3602 quo
634 3507 858 3579 Valladerius
877 3532 884 3580 :
905 3538 920 3573 «
934 3510 1024 3580 Puto
1038 3530 1106 3601 ego
1121 3508 1217 3578 illum
1231 3506 1420 3593 hominem,

258 3619 316 3715 qui
329 3619 387 3708 ille¹
410 3640 558 3714 cumque
573 3618 647 3707 fuit,
676 3620 791 3713 magis
809 3643 885 3692 rem
911 3643 1011 3692 suam
1029 3642 1188 3706 curasse,
1210 3641 1315 3714 quam
1337 3618 1424 3689 alie-

255 3753 336 3802 nam
350 3760 367 3795 »
387 3727 413 3800 ⁴.
433 3731 560 3825 Neque
578 3739 706 3824 postea
720 3731 877 3820 defuere,
894 3732 953 3827 qui
963 3732 1065 3803 istius
1083 3730 1282 3823 exemplum
1293 3729 1417 3817 secuti,

254 3842 506 3936 amplissimam
519 3841 613 3914 illam
627 3842 832 3936 dignitatem
848 3866 917 3914 non
933 3843 1157 3915 exercuerint
1171 3841 1270 3913 nisia
1284 3841 1421 3936 Legato

250 3953 347 4048 jussi
363 3952 388 4024 ⁵.

302 4065 527 4159 Praecipuam
561 4064 707 4138 alteram
742 4066 990 4138 Universitatis
1018 4065 1224 4159 dignitatem
1254 4064 1423 4159 implebat

290 4405 313 4455 1.
331 4401 414 4456 Cius.
434 4399 514 4456 Vnuu.
531 4402 663 4471 etlinun,
683 4405 752 4458 totu.

288 4491 313 4540 2.
331 4489 477 4542 Benedicti
488 4491 564 4548 XIV,
580 4492 768 4548 constitutio„
784 4505 811 4559 p.
831 4491 871 4558 tt,
890 4488 1042 4555 avenione,
1058 4487 1170 4561 Stguin,
1190 4489 1266 4548 1115.

290 4575 317 4625 3.
333 4573 422 4636 Bina,
441 4575 508 4628 tutu.

289 4659 315 4712 1.
334 4657 460 4720 Vinion,
479 4660 547 4712 totu.

287 4742 312 4801 b.
331 4745 431 4798 Ptdccs
445 4746 496 4798 rol.
513 4747 532 4798 ἀ
548 4745 652 4800 l’Unt'o.
668 4745 811 4815 d'Aotpu„
828 4752 846 4798 t.
865 4743 897 4815 11,
915 4742 936 4798 [⁰
952 4745 1016 4804 272,
