3686 5590
679 639 842 688 nrsromcn
863 641 1073 690 accusatam.
1404 621 1457 692 llll

293 779 384 852 nam,
421 784 525 860 quum
551 759 587 835 in
612 761 688 837 aliis
717 762 1040 854 consultationibus,
1074 761 1198 862 quibus
1227 760 1458 840 adhibebatur

292 873 637 971 frequentissime...,
657 877 714 974 vix
729 876 886 974 aequales
896 875 1078 966 invenerit,
1097 877 1133 948 in
1147 877 1226 964 ista,
1248 877 1334 950 satis
1350 901 1456 950 cons-

293 995 352 1075 tat,
384 1010 422 1060 se
442 989 520 1082 ipso
539 989 759 1083 superiorem
787 989 1043 1086 quodammodo
1074 989 1266 1061 exstitisse.
1300 989 1456 1088 Cumque

293 1120 384 1171 anno
402 1100 526 1172 XVIII
542 1101 661 1194 gravis
681 1102 932 1188 controversia,
951 1100 1171 1172 Avenionem
1185 1101 1276 1172 inter
1292 1109 1326 1172 et
1339 1101 1456 1174 locum

292 1209 473 1282 Novarum
492 1213 643 1284 excitata
660 1213 796 1302 fuisset,
821 1213 956 1285 ratione
978 1213 1170 1301 Druentiee,
1192 1235 1271 1284 eum
1292 1213 1455 1284 Eminen-

292 1321 448 1394 tissimus
465 1323 704 1410 ¹Cardinalisa
724 1325 871 1413 Baluec,
892 1348 971 1396 cum
996 1347 1060 1396 suo
1077 1325 1247 1412 auditore,
1267 1325 1457 1396 nominavit
1504 1376 1506 1380 -

293 1435 470 1524 arbitrum,
492 1436 611 1532 quide
636 1459 678 1508 ea
701 1460 781 1509 cnm
801 1437 910 1530 regiis
935 1436 1147 1508 administris
1164 1443 1401 1530 cognosceret
1415 1459 1456 1509 ac

291 1548 533 1638 pronuntiaret
557 1557 565 1585 ¹
594 1577 629 1619 ».
650 1547 825 1620 Gabrielis
851 1571 990 1644 quoque
1020 1547 1163 1619 solertia
1187 1557 1221 1620 et
1242 1548 1378 1642 judicio
1401 1547 1457 1620 usi

293 1666 373 1729 sunt
399 1659 674 1731 Eminentissimi
706 1647 910 1732 Cardinales
943 1659 1120 1752 Georgius
1154 1661 1197 1731 de
1226 1658 1461 1747 Armeniam,-

292 1769 457 1842 Octavius
485 1773 529 1844 de
556 1771 750 1867 Aquaviva,
782 1771 929 1843 Carolus
959 1772 1002 1842 de
1032 1770 1235 1859 Comitibus,
1271 1771 1455 1866 Philippus

292 1873 527 1955 Philonardus
551 1892 586 1956 et
598 1884 757 1956 Ioannes
779 1884 995 1955 Franciscus
1019 1883 1062 1954 de
1076 1883 1223 1971 Ralneo,
1248 1885 1306 1980 qui
1321 1907 1386 1978 per
1398 1883 1458 1955 illa

290 2002 450 2087 tempora
484 1995 692 2088 legatorum,
726 1996 819 2089 apud
848 1994 1129 2082 Aveniouenses,
1162 1996 1259 2067 vices
1288 1996 1454 2089 agebant.

290 2104 427 2176 Etenim
451 2105 595 2178 Gabriel
616 2131 696 2178 cum
724 2107 903 2178 Ludovico
930 2106 1086 2178 interfuit
1119 2115 1153 2177 et
1186 2106 1451 2194 controversiae,

292 2239 395 2311 quam
411 2216 680 2290 Avenionenses
703 2242 781 2289 cum
802 2218 925 2289 incolis
953 2218 1037 2311 pagi
1059 2217 1240 2289 Novarum
1260 2218 1450 2311 agitabant,

292 2335 326 2398 et
345 2329 518 2425 colloquio
532 2330 568 2400 in
588 2329 718 2403 sacello
741 2330 821 2400 Divi
835 2330 974 2402 Nicolai
994 2330 1039 2401 ad
1053 2328 1266 2400 Rhodanum
1283 2320 1403 2401 habito
1427 2339 1452 2400 ².

341 2442 380 2512 In
399 2441 547 2513 civitatis
569 2442 675 2512 rebus
695 2442 862 2534 gerendis
881 2441 1067 2534 plurimum
1084 2441 1188 2512 etiam
1207 2449 1241 2512 et
1262 2432 1405 2534 ingenio
1422 2449 1456 2512 et

290 2553 415 2646 peritia
441 2553 547 2624 valuit
568 2554 816 2625 Universitas:
848 2553 975 2648 quippe
999 2575 1078 2648 quae
1103 2575 1281 2648 nunquam
1311 2553 1455 2624 desierit

291 2665 455 2736 doctores
475 2665 645 2760 quosdam
664 2665 709 2736 ad
728 2664 912 2736 consilium
930 2665 1054 2735 domus
1082 2665 1276 2735 communis
1301 2664 1451 2756 mittere.

290 2775 322 2846 A
349 2777 498 2870 collegio
527 2799 653 2870 nempe
693 2775 883 2848 consiliarii
917 2775 1147 2868 eligebantur,
1187 2776 1245 2871 qui
1273 2799 1342 2848 una
1376 2799 1456 2846 cum

292 2888 497 2960 Primicerio
512 2889 547 2959 in
565 2897 690 2960 senatu
709 2888 886 2958 sederent.
907 2887 954 2957 Hi
969 2887 1118 2980 primum
1133 2887 1178 2958 ad
1192 2887 1308 2976 vitam,
1329 2887 1455 2958 deinde

291 3021 382 3071 anno
418 3001 511 3072 lota
536 3001 572 3071 in
599 3000 778 3071 biennium
810 2998 1093 3070 nominabantur.
1129 2997 1283 3080 Quorum
1317 2998 1457 3094 quidem

291 3134 457 3183 numerus
477 3099 574 3206 saepe
593 3111 752 3183 variavit.
773 3111 863 3182 Tres
887 3110 979 3181 enim
1001 3110 1151 3203 primum
1166 3110 1328 3180 videntur
1346 3110 1455 3181 exsti-

290 3223 376 3294 tisse
399 3220 529 3319 (1547),
562 3223 686 3318 quibus
715 3231 848 3316 postea,
874 3229 1019 3317 quartus
1047 3222 1185 3292 additus
1214 3229 1269 3293 est
1294 3218 1453 3318 (1680st

290 3334 401 3416 Quam
417 3344 552 3428 partem
567 3335 603 3404 in
619 3335 771 3427 negotiis
797 3333 946 3427 publicis
969 3333 1038 3427 ipsi
1055 3333 1252 3420 habuerint,
1276 3355 1319 3404 ex
1336 3333 1454 3404 verbis

290 3445 391 3517 Pauli
415 3445 628 3517 Cadecombi
650 3446 838 3539 perspicue
856 3453 980 3539 patet:
1011 3445 1182 3516 «demum
1203 3444 1318 3532 etiam,
1345 3443 1456 3540 inquit

289 3556 357 3644 ille,
398 3557 492 3628 circa
520 3557 698 3650 politicum
730 3557 889 3649 regimen
925 3556 1075 3627 civitatis
1110 3555 1369 3626 Avenionensis
1403 3556 1453 3627 sic

291 3667 417 3740 emicat
444 3667 605 3762 ejusdem
635 3668 831 3740 Primicerii
858 3668 1010 3760 dignitas
1038 3690 1079 3738 ac
1108 3666 1385 3767 praeeminentia,
1418 3675 1455 3738 ut

291 3779 422 3850 nullum
444 3779 628 3851 concilium
645 3779 832 3872 publicum,
854 3780 911 3850 vel
933 3780 1108 3873 privatum
1129 3777 1259 3872 publici
1274 3801 1455 3873 praepara-

291 3891 429 3977 torium,
453 3892 664 3984 congregari
679 3891 791 3962 valide
810 3891 934 3984 possit,
957 3900 991 3961 et
1008 3890 1116 3961 multo
1135 3890 1249 3961 minus
1266 3890 1454 3986 quidquam

293 4001 339 4072 ibi
368 4002 565 4088 deliberari,
597 4003 663 4073 nisi
687 4003 764 4096 ipse
789 4025 868 4072 cum
894 4001 1069 4096 deputatis
1102 4001 1145 4072 de
1174 4001 1324 4094 collegio
1348 4002 1455 4073 inter-

293 4113 352 4200 sit;
377 4113 470 4209 quod
493 4113 529 4183 in
556 4135 635 4184 eam
657 4113 839 4184 utilitatem
862 4113 991 4207 publici
1016 4112 1215 4206 compendii
1240 4113 1344 4200 cedit,
1364 4121 1401 4183 ut
1420 4113 1455 4184 in

293 4226 421 4312 arduis,
456 4248 535 4319 quae
566 4247 663 4318 saepe
696 4225 868 4313 accidunt,
904 4225 1026 4296 civitas
1057 4222 1160 4321 (absit
1179 4224 1287 4295 verbo
1314 4220 1453 4320 invidia)

329 4541 353 4593 t.
367 4540 426 4594 Vita
436 4540 504 4594 Lud.
522 4541 599 4604 cetu,
615 4539 694 4596 initio
705 4541 828 4611 ejusdem
843 4539 1032 4596 consiltorum.

327 4626 352 4676 ἓ.
369 4625 501 4680 Gabulelis
517 4625 580 4679 Belli
596 4625 749 4682 encomium
765 4642 779 4680 a
796 4625 930 4680 Ludovico
945 4625 1056 4679 Crozeto
1072 4623 1215 4696 seriptum.

327 4711 353 4762 3.
374 4713 454 4762 Ultio.
479 4712 621 4780 d'Auc'pn..
647 4719 664 4763 t.
688 4711 712 4776 l;
739 4715 827 4775 Huc,
851 4710 883 4768 s‘¹⁸
905 4712 950 4776 57,
975 4715 1020 4781 us,
1041 4713 1084 4780 69,
1106 4711 1149 4778 75,
1173 4709 1237 4768 235.
1253 4735 1285 4746 -
1304 4709 1389 4766 Μέτη.
1407 4722 1461 4765 sttr

294 4795 396 4852 l'IJnc'e.
412 4795 554 4870 d'Aoign„
571 4794 593 4848 l'⁰
610 4797 668 4855 115,
