3676 5592
642 503 807 566 iussorum
827 497 1052 564 1000011111οᾖ
1185 480 1187 483 V
1383 482 1421 561 33

257 625 384 732 puella,
411 659 490 732 quae
506 634 751 708 duodecimum
775 658 903 710 anuum
918 658 1030 730 agens
1045 635 1166 706 theses
1181 642 1254 706 tum
1267 635 1414 730 logicas,
1476 659 1477 666 ¹

258 761 330 820 tum
357 747 521 835 morales,
553 747 717 841 Lugduni
745 746 925 844 Gallorum
950 747 986 817 in
1010 745 1167 842 paternis
1192 747 1327 818 aedibus
1346 747 1422 841 jam

260 868 505 956 proposuerat,
537 856 757 930 Avenionem
783 857 999 929 doctoralem
1029 858 1186 930 lauream
1211 857 1424 954 assequendi

262 993 371 1042 causa
389 992 468 1041 cum
482 977 581 1062 patre
601 991 693 1040 anuo
715 967 807 1039 1610
825 967 1006 1038 devenerit
1022 978 1045 1039 ¹.

310 1081 492 1153 Avenione
515 1089 631 1152 autem
657 1079 766 1151 ceteri
787 1079 1039 1151 monachorum
1054 1079 1195 1150 ordines
1209 1078 1231 1148 J
1234 1077 1425 1149 esuitarum

264 1193 432 1279 ordinem,
466 1213 569 1286 quem
599 1199 734 1262 tantum
762 1190 798 1259 in
830 1188 954 1260 litteris
983 1189 1141 1261 colendis
1171 1189 1228 1260 vel
1257 1187 1426 1259 docendis

263 1302 515 1397 proficientem,
548 1310 713 1396 tantaque
746 1299 850 1371 laude
886 1308 1047 1380 ornatum
1076 1299 1250 1388 videbant,
1285 1297 1428 1370 aemula-

263 1415 402 1485 bantur.
422 1412 525 1489 Girca
550 1412 684 1482 initium
713 1411 852 1504 septimi
880 1411 1008 1482 decimi
1036 1409 1159 1482 saeculi
1184 1410 1264 1480 duae
1294 1408 1426 1480 scholae

266 1524 416 1596 conditae
446 1533 526 1595 sunt
547 1523 583 1592 in
606 1523 832 1594 Minimorum
862 1530 1047 1609 conventu,
1081 1543 1227 1616 quarum
1252 1521 1288 1591 in
1319 1519 1430 1592 altera

265 1635 425 1729 discipuli
444 1631 642 1729 physicam,
658 1634 694 1703 in
712 1633 823 1704 altera
841 1655 926 1704 vero
949 1633 1229 1728 metaphysicam
1257 1632 1429 1704 doceren-

267 1757 332 1833 tur,
361 1769 440 1818 cum
456 1767 586 1838 magno
611 1767 787 1816 concursu
812 1744 1036 1832 audientium,
1065 1744 1123 1839 qui
1140 1765 1323 1815 numerum
1344 1765 1429 1814 cen-

267 1853 340 1928 tum
370 1867 404 1928 et
433 1857 555 1949 viginti
596 1865 840 1928 excesserunt.
877 1853 980 1926 Anno
1017 1866 1134 1927 autem
1176 1855 1268 1926 1608
1304 1857 1430 1926 Patres
1464 1911 1466 1918 ,

269 1969 405 2040 Minimi
420 1969 585 2042 tributum
604 1975 816 2038 tercentum
832 1967 1000 2037 librarum
1015 1975 1229 2060 acceperunt
1250 1988 1271 2038 a
1289 1989 1351 2037 sen
1376 1974 1433 2037 to-

270 2081 367 2152 ribus
383 2079 702 2167 Avenionensibus‚
727 2079 795 2174 qui,
815 2078 859 2149 de
875 2078 1025 2171 collegio
1037 2078 1059 2148 J
1062 2078 1254 2149 esuitarum
1269 2078 1433 2150 Patribus

270 2193 347 2264 istis
363 2191 555 2262 auferendo
573 2190 710 2285 illisque
725 2190 983 2278 committendo,
1003 2189 1291 2261 deliberationem
1302 2190 1435 2261 habue-

272 2312 364 2375 runt.
383 2303 460 2372 Res
477 2311 595 2374 tamen
612 2323 834 2397 nequaquam
848 2301 989 2394 incepta
1001 2301 1138 2372 videtur
1150 2301 1262 2372 fuisse
1277 2312 1302 2371 ².

322 2415 448 2510 Neque
466 2435 487 2484 a
506 2413 644 2484 clericis
662 2423 796 2484 tantum
811 2414 977 2506 ingenuae
994 2423 1089 2484 artes
1109 2413 1330 2502 colebantur;
1352 2411 1433 2484 laici

269 2525 465 2622 jurisperiti
494 2524 641 2613 litteras,
681 2525 717 2594 in
753 2525 877 2620 quibus
915 2525 1041 2595 eruditi
1077 2525 1217 2596 fuerant
1250 2524 1430 2620 apueris,

272 2637 414 2710 minime
430 2636 661 2718 deserebant;
678 2637 748 2707 imo
765 2637 808 2707 ab
824 2637 876 2708 eis
890 2636 1030 2707 molesti
1044 2644 1148 2732 atque
1161 2637 1290 2730 ingrati
1303 2637 1435 2708 laboris

272 2747 517 2820 remissionem
549 2747 729 2840 petebant.
765 2746 908 2842 Aliquid
944 2769 1070 2846 nempe
1108 2769 1130 2818 a
1161 2747 1282 2841 legum
1306 2746 1435 2818 studio

274 2859 470 2934 remittebat
486 2858 671 2954 aliquando
687 2858 831 2930 Gabriel
849 2859 981 2954 Pupus,
1003 2858 1061 2954 qui
1083 2859 1216 2953 primus
1242 2859 1435 2932 Aveniouis
1501 2906 1503 2908 -

312 3201 442 3274 l.Baut.,
465 3201 533 3258 ibid.
548 3231 581 3244 -—
596 3202 679 3258 Caua.
706 3217 741 3258 nn
762 3200 854 3270 Vult„
880 3201 958 3264 ibid,
982 3210 1001 3259 t.
1020 3201 1066 3270 111,
1087 3203 1110 3270 10Ι
1134 3209 1168 3260 69
1187 3216 1226 3264 v⁰.
1240 3235 1275 3248 —
1301 3199 1434 3265 etottotb.

275 3289 402 3342 Andreae
417 3291 538 3349 Schotti,
557 3305 584 3359 p.
598 3291 661 3343 343.
1426 3314 1427 3318 ¹

312 3374 338 3426 2.
355 3371 445 3442 Bana,
460 3375 527 3426 ibid.
541 3403 576 3414 -
591 3373 656 3427 Paul
677 3375 796 3438 huhrau,
812 3378 888 3427 Ana.
912 3375 946 3429 de
969 3377 1113 3430 Vaucluse
1135 3377 1169 3431 de
1191 3379 1269 3437 1854,
1286 3393 1312 3448 p.
1329 3379 1390 3434 118.
1407 3403 1439 3420 a

277 3456 378 3512 Eodem
403 3457 515 3520 saeculo,
544 3458 818 3514 Joannes-hntonius
846 3459 1012 3530 Rampallus,
1038 3461 1204 3532 cognomine
1230 3459 1311 3518 irater
1344 3463 1439 3520 Petrus

277 3541 363 3596 sancti
379 3543 503 3613 Andrcae,
522 3559 553 3596 ex
575 3543 671 3598 ordine
694 3543 900 3598 carmelitarum
922 3544 1148 3614 excalceatorum,
1166 3562 1282 3616 quorum
1297 3547 1439 3605 historiam

278 3626 398 3698 scripsit,
419 3626 621 3698 philosophiam
646 3629 789 3699 apudeos
811 3637 838 3682 et
854 3627 1018 3700 theologiam
1040 3629 1165 3685 docebat.
1192 3631 1323 3704 Sequenti
1347 3643 1439 3690 autem

278 3721 367 3776 aetate,
382 3711 518 3782 losephus
533 3713 662 3768 Gatienus
676 3713 772 3768 eodem
793 3714 866 3783 apud
888 3713 1080 3770 bominieanos
1099 3713 1189 3772 0111010
1209 3715 1382 3791 fungebatur.
1405 3720 1442 3786 is,

279 3799 445 3866 00001755,
466 3807 552 3851 artem
574 3796 720 3870 navigandi
742 3813 790 3868 per
811 3813 875 3852 aera
893 3798 949 3870 jam
970 3799 1152 3870 excogitabat.
1173 3801 1385 3860 1011000οΜ01ἰο
1407 3805 1441 3861 de

280 3879 394 3950 Olonna,
425 3881 570 3936 Carmelita
601 3882 786 3950 excalceatus,
818 3885 945 3936 Leaicon
972 3885 1440 3944 Hebraico-Chaldaico-Latino·
1502 3915 1504 3918 ·

280 3968 421 4020 Bibttcum
432 3966 597 4042 excutiebat.¹
608 3967 883 4038 aceeptus-ioannes
895 3971 966 4022 Riue
976 3968 1160 4025 abditissimas
1170 3972 1312 4043 sapientiae
1323 3974 1441 4032 latebras

280 4051 366 4105 sancti
382 4049 469 4106 Caroli
486 4051 627 4106 seminarii
642 4053 817 4108 studentibus
831 4052 970 4123 aperiebat
989 4056 1174 4127 (1753-4754).
1198 4061 1337 4114 avenione
1357 4061 1439 4116 etiam

281 4144 397 4206 quatuor
410 4145 468 4191 tum
486 4146 563 4191 eraut
577 4137 726 4192 seminaria
745 4153 751 4191 :
775 4137 906 4203 Primum,
929 4153 1002 4193 anuo
1026 4142 1093 4193 1669
1117 4141 1267 4212 conditum,
1284 4159 1300 4198 a
1316 4143 1447 4203 Patribus

281 4217 394 4274 Oratorii
416 4220 521 4276 ordinis
541 4221 725 4294 dirigebatur3
751 4222 915 4288 secundum,
938 4223 1024 4277 sancti
1045 4225 1132 4280 Caroli
1153 4237 1336 4299 noncupatum
1358 4239 1440 4302 atque

281 4307 437 4359 00001701
457 4305 622 4375 institutum,
636 4305 800 4377 Sulpicianis
822 4307 1060 4378 committebatur3
1088 4312 1206 4380 tertium,
1228 4322 1330 4368 sauctae
1345 4315 1440 4371 Gardae

282 4389 393 4459 dictum,
408 4406 423 4444 a
438 4389 549 4446 domino
562 4392 597 4446 de
610 4393 760 4446 Satoador
776 4407 848 4446 atino
867 4394 933 4445 1710
947 4389 1091 4448 fundatum
1104 4393 1202 4466 fuerat,
1217 4407 1344 4469 quartum
1360 4399 1440 4456 deni-

282 4490 347 4546 que,
362 4475 495 4532 voeahulo
509 4478 677 4530 missionum
690 4480 846 4538 (missione)
860 4487 927 4532 tunc
939 4477 1111 4551 inscriptum,
1128 4497 1182 4537 non
1197 4485 1287 4539 solum
1304 4485 1374 4553 loco,
1391 4488 1441 4542 sed

259 4619 263 4631 ,
283 4560 410 4617 omuibus
425 4561 505 4618 etiam
526 4560 659 4618 reditibus
678 4561 861 4636 collegiorum
875 4567 964 4620 sancti
981 4563 1084 4622 Nicolai
1100 4575 1127 4622 et
1145 4567 1179 4623 de
1200 4573 1322 4628 Rupere.
1339 4587 1401 4643 quae
1418 4575 1445 4628 in

284 4662 370 4704 unum
382 4647 437 4720 jam
459 4655 654 4716 convenerant,
670 4647 806 4706 utebatur.
825 4649 902 4718 (Paul
915 4651 1034 4724 hautun,
1051 4656 1126 4710 Ana.
1144 4655 1179 4709 de
1203 4659 1313 4716 Vaucl„
1333 4674 1359 4729 p.
1377 4663 1451 4736 119.)

1279 4746 1297 4814 d
