3686 5590
429 501 466 569 to
777 518 1012 570 curvausvrirrs
1034 517 1254 567 uvan10vsns1s

428 639 626 738 Episcopus
640 636 911 729 Avenioneusis,
936 637 994 737 qui
1012 636 1120 712 veluti
1133 635 1406 732 Caucellariusa
1422 638 1590 739 principio

428 755 527 828 suita
545 778 679 828 summo
697 754 862 850 pontifice
884 753 1068 826 Bonifacio
1089 753 1177 824 VIII
1199 753 1420 846 designatus.
1443 756 1500 829 Ad
1513 780 1591 830 eum

428 866 691 940 deducebantur
702 869 883 940 studentes
898 865 944 937 ad
955 866 1088 959 gradus
1099 867 1345 958 promovendi.
1363 868 1590 942 Professores

427 979 585 1075 tumipse
601 980 829 1068 convocabat,
846 987 881 1050 et
892 977 1086 1073 discipulos
1102 1000 1264 1050 unacum
1276 979 1585 1075 eisinterrogabat

428 1097 463 1162 et
478 1114 565 1188 quos
579 1093 726 1166 idoneos
737 1099 920 1186 repererat
935 1090 1101 1162 doctores
1112 1091 1360 1184 inauguraret,
1375 1093 1590 1190 docendique

427 1200 568 1276 licentia
583 1205 747 1278 donabat.
765 1204 900 1276 Eodem
920 1202 1048 1291 officio,
1067 1212 1217 1276 vacante
1233 1203 1325 1275 Sede
1340 1203 1586 1292 Avenionensi,

429 1315 641 1410 praepositus
671 1316 884 1388 Domnensis
924 1315 1089 1387 ecclesiae
1121 1315 1491 1408 fungebatur¹.·lnde
1516 1341 1590 1390 mos

429 1427 571 1500 invaluit
586 1429 759 1502 Lauream
774 1427 991 1500 doctoralem
1012 1427 1232 1499 concedendi
1250 1430 1286 1498 in
1305 1429 1435 1522 palatio
1453 1431 1591 1523 episco-

430 1539 513 1634 pali.
546 1540 702 1634 Legibus
737 1563 876 1637 quoque
908 1540 1160 1612 Universitatis
1191 1541 1420 1612 conficiendis
1451 1565 1591 1636 operam

432 1651 537 1724 dabat
546 1651 905 1726 Gaucellarius.Anno
920 1652 1398 1738 I303‚BertrandusAimini
1407 1655 1591 1748 episcopus

431 1787 500 1836 una
510 1788 589 1836 oum
599 1767 801 1838 doctoribus
817 1765 1205 1838 statutaUniversitatis
1221 1766 1450 1837 coordinavit.
1463 1767 1592 1838 Postea

431 1899 542 1949 novas
555 1877 731 1971 AEgidius,
754 1877 880 1965 (irride,
902 1876 1038 1948 Alanus
1052 1877 1155 1970 leges
1169 1876 1333 1963 tulervmt
1347 1887 1383 1948 et
1397 1879 1591 1970 praesertim

435 1987 619 2061 Galeottus
638 1990 862 2083 ProlegatuS,
883 1989 942 2086 qui
956 1997 1116 2060 veterum
1131 1989 1252 2081 legum
1265 1988 1390 2060 florem
1403 2013 1591 2084 excerpere

432 2111 579 2174 conatus
593 2112 649 2174 est
664 2114 689 2174 ¹.
710 2103 782 2174 Sed
794 2103 968 2174 hactenus
987 2102 1031 2172 de
1046 2100 1277 2189 CancellariO,
1305 2104 1407 2196 cujus
1417 2103 1500 2196 jura
1514 2113 1590 2173 sunt

431 2213 468 2288 in
485 2215 645 2286 omuibus
661 2214 865 2288 Academiis
885 2214 1026 2286 similia.

480 2326 666 2398 Praeerant
691 2328 796 2399 etiam
823 2325 1054 2398 Universitati
1076 2334 1151 2396 tres
1176 2335 1458 2414 conservatores,
1484 2327 1589 2399 abbas

432 2439 1584 2532 monasteriiSancti-Andreae,PraepositusDomnensisecclesiae,

432 2574 476 2624 ac
501 2551 667 2624 Decanus
703 2552 868 2624 ecclesiae
906 2551 1153 2638 Sancti-Petri,
1196 2551 1257 2648 qui
1300 2553 1477 2623 constituti
1514 2561 1590 2622 sunt

432 2686 525 2736 anuo
555 2663 647 2736 1318
672 2664 852 2737 adoanne
875 2665 997 2751 XXII,
1027 2673 1067 2734 ut
1090 2664 1347 2752 Primicerium,
1375 2665 1536 2735 doctores
1556 2673 1590 2734 et

432 2774 624 2870 discipulos
667 2777 712 2849 ab
755 2778 850 2850 omni
887 2777 1051 2848 molestia
1090 2787 1196 2872 atque
1232 2777 1362 2869 injuria
1399 2785 1584 2862 tuerentur,

432 2910 624 2986 eommque
636 2889 928 2962 bonaimmobilia
941 2899 1046 2985 atque
1053 2889 1205 2976 mobilia,
1211 2889 1307 2982 jura,
1313 2889 1447 2960 reditus
1462 2888 1589 2981 saepius

433 3001 587 3094 expilata
612 3025 636 3074 a
664 3003 970 3096 depraedatoribus
1013 3002 1260 3072 defenderent.
1305 3001 1425 3072 Vetuit
1462 3009 1585 3083 tamen,

434 3136 527 3185 auno
546 3115 650 3197 tiss,
668 3115 913 3208 Eugeniusll'
924 3137 969 3186 ne
987 3115 1095 3186 iidem
1107 3114 1375 3206 lice-gerentis
1389 3113 1593 3206 impedirent

428 3225 723 3318 jurisdictionem,
741 3251 764 3298 a
786 3251 857 3323 qua
870 3227 1074 3320 pendebant
1086 3227 1254 3297 doctores
1269 3227 1374 3296 etiam
1389 3235 1424 3295 et
1438 3223 1591 3295 scholas-

434 3339 506 3414 tici,
527 3339 573 3409 de
591 3341 717 3434 «padcus
736 3365 827 3410 nunc
845 3340 1035 3411 dicendum
1050 3351 1106 3412 est
1120 3339 1167 3411 ³..

480 3451 530 3522 [t
547 3452 593 3522 dc
609 3453 812 3523 ductoribus
832 3453 983 3546 primum
1000 3453 1231 3527 disseramus,
1253 3450 1458 3544 aprincipio
1473 3447 1589 3520 cathe-

436 3564 535 3635 dram
556 3565 593 3634 in
620 3565 860 3636 [diversitate
890 3566 1144 3651 Avenioneusi,
1171 3564 1316 3657 legendi
1342 3584 1463 3648 causa,
1493 3582 1591 3630 nemo

435 3677 651 3748 ascendebat
682 3679 752 3747 rasi
778 3691 884 3748 antea
910 3679 1117 3771 magisterio
1154 3678 1287 3772 potitus
1301 3675 1328 3746 ⁴.
1356 3675 1445 3744 Tum
1475 3694 1591 3743 omnes

437 3789 596 3881 raaglstn'
618 3791 696 3882 pari
721 3791 924 3861 conditione
944 3791 1145 3865 utebantur.
1172 3789 1367 3885 iisdemque
1395 3785 1593 3856 ferebantur

436 3901 644 3994 privilegiis.
672 3903 808 3973 Postea
827 3902 924 3973 fucta
953 3915 1010 3974 est
1033 3926 1056 3974 a
1077 3902 1287 3999 quibusdam
1314 3899 1488 3981 secessim
1517 3919 1593 3966 nam

436 4013 532 4084 circa
546 4013 725 4085 dimidiam
746 4016 860 4109 quarti
882 4013 1012 4085 decimi
1037 4015 1164 4086 saeculi
1186 4025 1324 4107 partem
1344 4011 1515 4083 doctores,
1539 4005 1594 4101 qui

435 4124 613 4219 legebant
630 4149 767 4221 pruma
781 4127 912 4197 ceteris
936 4150 1019 4198 sese
1035 4128 1177 4199 secerni
1189 4125 1329 4197 vedent
1342 4125 1379 4192 iu
1394 4121 1591 4192 societatem

939 4241 958 4274 0

477 4447 501 4497 t.
520 4447 598 4502 nuta
611 4453 711 4502 aum„
725 4465 754 4519 p
770 4452 815 4501 57.
829 4478 867 4489 -
878 4446 1011 4514 inuam,
1025 4453 1062 4504 ibi
1065 4451 1092 4505 d.
1103 4479 1140 4491 -
1149 4445 1241 4504 aas..
1251 4446 1319 4498 ibid.

476 4529 502 4586 2,
513 4529 630 4585 quat.
645 4543 672 4586 ct
687 4532 778 4599 Bura,
793 4536 860 4590 usn.

474 4615 503 4669 ⁸,
519 4617 595 4670 aaut.
609 4621 694 4671 Cirta
708 4627 810 4681 Auca„
824 4637 844 4693 p
868 4624 904 4677 78
918 4635 944 4677 ct
953 4625 1003 4678 90.

478 4705 506 4762 l·
522 4703 593 4758 tutat
606 4719 636 4776 p.
649 4705 695 4759 58.
