3686 5590
709 566 873 618 ursromcn
894 565 1107 616 nnuueunrro.
1451 541 1489 612 59

323 690 520 786 quamdam,
541 693 736 790 patrocinio
746 695 871 769 Beatae
881 695 1008 770 Mariae
1022 693 1181 791 Virginis
1192 689 1483 780 commendatam,

323 803 419 876 coire
451 804 635 903 coeperunt
652 819 675 881 ¹.
709 810 801 882 Hinc
830 810 899 881 duo
927 832 1061 903 genera
1101 809 1294 897 doctorum,
1341 827 1488 902 quorum

324 914 473 990 alterum
488 944 551 993 eos
568 922 626 1018 qui
640 923 889 1016 magistrorum
900 923 935 993 in
950 922 1138 1016 collegium
1151 923 1290 994 fuerant
1304 917 1483 1012 adscripti,

255 1113 259 1122 1
325 1027 556 1123 alterumeos,
568 1034 656 1131 quie
672 1035 823 1129 collegio
839 1036 1125 1124 excludebantur,
1137 1032 1486 1128 comprehendebat.

324 1141 378 1214 Illi
405 1146 665 1242 «aggregati»
688 1147 745 1220 vel
767 1177 783 1213 u
799 1147 979 1242 collegiati
991 1175 1025 1235 o,
1048 1147 1085 1217 hi
1111 1176 1127 1212 «
1144 1146 1351 1243 simplices»
1380 1167 1488 1216 voca-

323 1252 451 1326 bantur
475 1257 654 1331 doctores
682 1259 792 1332 Primi
812 1260 980 1353 paulatim
1003 1267 1037 1330 et
1051 1259 1112 1353 jus
1136 1258 1289 1352 legendi,
1310 1266 1345 1330 et
1360 1280 1490 1329 conce-

244 1457 246 1464 .
325 1365 461 1440 dandos
480 1370 613 1463 gradus
625 1361 692 1442 sibi
707 1371 791 1443 solis
811 1394 1013 1464 arrogasse,
1028 1371 1307 1442 etimmunitates
1320 1369 1491 1466 quasdam

325 1501 520 1574 usurpasse
549 1482 639 1554 sicut
660 1483 823 1577 proprias
847 1483 1009 1555 videntur
1032 1482 1057 1554 ³.
1081 1483 1315 1556 Professores
1337 1482 1430 1554 enim
1448 1503 1493 1552 ex

324 1613 471 1664 numero
491 1604 768 1688 aggregatorum
793 1596 1004 1690 assumptis
1028 1595 1175 1688 collegis
1194 1595 1426 1688 eligebantur.
1444 1592 1492 1662 Hi
1532 1673 1533 1676 Ἴ

326 1702 540 1776 dicebantur·
560 1735 576 1772 «
593 1707 823 1792 ordinarii»,
842 1715 901 1780 aut
922 1708 1003 1804 quia
1028 1705 1490 1778 solemnemUniversitatis

327 1815 530 1888 cathedram
545 1841 590 1890 ex
608 1841 707 1890 more
723 1827 758 1891 et
776 1819 915 1912 legibus
937 1819 1155 1906 obtinebant,
1188 1827 1248 1890 aut
1263 1819 1344 1914 quia
1356 1839 1493 1888 merce-

327 1927 407 1998 dem
422 1951 467 2000 ex
485 1938 624 2024 sumptu
640 1929 843 2002 Academiae
863 1931 1096 2024 accipiebant.
1123 1959 1139 1995 (ι
1150 1928 1486 2001 Ecetruordinurii»

326 2062 411 2111 vero
424 2041 642 2114 vocabantur
655 2043 816 2136 magistri
830 2043 1015 2115 clarissimi
1022 2043 1219 2136 jurisperiti
1230 2043 1289 2138 qui
1303 2043 1347 2113 ob
1362 2041 1493 2114 famam

328 2173 348 2222 a
367 2151 517 2242 civitate,
546 2155 704 2251 quamvis
720 2155 814 2226 nulla
828 2163 972 2228 vacaret
987 2155 1166 2242 cathedra,
1190 2153 1490 2226 conducebantur.

328 2263 549 2336 Ordinarium
589 2275 707 2338 autem
742 2267 926 2340 doctorum
964 2289 1076 2361 saepe.
1093 2267 1241 2338 variavit
1281 2288 1450 2336 numerus
1482 2287 1489 2334 :

327 2376 520 2448 annolbld
534 2378 637 2471 leges
651 2379 880 2451 tradebantur
890 2402 911 2451 a
922 2388 1071 2476 quatu'or
1080 2377 1335 2472 magistris,vel
1345 2400 1494 2471 «repen-

329 2487 421 2560 tibus
444 2517 480 2573 »,
507 2490 631 2584 quibus
653 2490 790 2579 deinde,
819 2513 910 2562 anno
937 2490 1041 2577 1544,
1062 2491 1130 2562 duo
1147 2497 1228 2560 sunt
1250 2489 1368 2576 additi,
1394 2489 1494 2560 itaut

327 2601 418 2671 terni
435 2601 497 2695 jus
522 2601 633 2690 civile,
660 2602 751 2672 terni
773 2601 990 2695 pontificium
1013 2610 1087 2672 tum
1106 2601 1236 2673 fuerint
1259 2600 1488 2694 interpretati,

329 2701 482 2813 quandiu
516 2712 739 2788 Universitas
775 2714 855 2808 ipsa
898 2714 1077 2786 duraverit
1093 2711 1119 2784 4.
1149 2715 1329 2806 Integram
1369 2712 1494 2784 horam

328 2825 569 2922 unusquisque
584 2826 768 2898 doctorum
776 2825 929 2920 legendo
945 2826 1166 2898 absumebat.
1183 2826 1310 2921 Neque
1320 2824 1494 2917 collegam

327 2937 363 3008 in
376 2937 494 3009 locum
509 2961 610 3009 suum
627 2937 822 3032 subrogare
837 2945 986 3032 poterat,
1009 2937 1077 3008 nisi
1090 2946 1149 3010 aut
1167 2938 1302 3026 morbo,
1314 2943 1374 3008 aut
1387 2935 1494 3007 rebus

326 3049 475 3144 publicis
499 3049 740 3144 impediretur.
769 3049 908 3143 Saepius
940 3049 1082 3121 docenti
1107 3049 1230 3121 aderat
1259 3048 1494 3142 peritissimus

325 3161 534 3258 quidamvir
549 3183 570 3234 a
584 3161 791 3233 Primicerio
803 3161 1075 3257 delegatosqui,
1094 3161 1124 3232 si
1135 3161 1217 3257 quid
1227 3161 1309 3233 mali
1324 3159 1494 3232 doctrinae

327 3274 473 3362 inesset,
504 3281 643 3346 notaret
657 3272 683 3345 ⁵.
708 3275 748 3345 ln
770 3274 941 3368 principio
962 3274 1020 3370 qui
1037 3297 1102 3368 per
1127 3273 1315 3345 triennium
1340 3273 1489 3365 legerat,

327 3409 450 3457 rursus
480 3386 665 3480 professor
696 3385 779 3479 eligi
806 3394 955 3479 poterat,
987 3386 1052 3456 sed
1074 3393 1201 3479 postea
1227 3385 1270 3456 ab
1291 3407 1382 3456 anno
1401 3384 1494 3455 1624

328 3496 529 3568 docentium
551 3520 655 3569 nemo
679 3497 884 3570 cathedram
915 3520 1039 3568 rursus
1067 3497 1263 3568 ascendere
1287 3495 1400 3588 potuit
1427 3495 1495 3568 nisi

327 3616 409 3702 post
425 3609 529 3680 trium
550 3631 721 3682 annorum
737 3608 971 3682 intervallum.
997 3607 1195 3704 Aliquando
1222 3616 1340 3678 tamen
1365 3607 1495 3703 aliquid

329 3722 373 3792 de
392 3721 452 3792 illa
469 3720 551 3814 lege
566 3721 805 3814 derogabatur
818 3721 985 3814 egregios
1001 3743 1088 3813 erga
1104 3719 1275 3814 quosdam
1286 3707 1489 3812 magistros,

329 3855 477 3928 quorum
493 3855 602 3926 opera
627 3832 746 3904 orbari
761 3832 904 3904 nolebat
922 3832 1058 3925 Legum
1075 3830 1242 3902 Facultas
1258 3829 1283 3900 ⁶.
1304 3830 1495 3902 Nescimus

328 3961 374 4020 an
391 3943 610 4038 Theologiae,
634 3943 824 4018 Medicinae
848 3951 883 4016 et
905 3943 1041 4015 Artium
1068 3943 1245 4030 doctores
1274 3941 1332 4038 qui
1352 3943 1495 4036 paucis-

367 4225 392 4278 l.
409 4226 511 4280 Pieces
532 4229 584 4280 rel.
609 4231 629 4281 ἀ
654 4229 758 4282 l'Unio.
782 4229 904 4298 d'Aoi9.,
929 4236 948 4282 t.
974 4227 1019 4298 lll,
1048 4227 1071 4282 fo
1096 4227 1148 4281 504
1176 4235 1213 4284 νο.
1237 4226 1391 4284 -Statuta
1416 4226 1493 4282 Uniu

331 4308 396 4364 anni
414 4311 491 4376 1366,
506 4318 559 4366 art.
572 4313 616 4380 34,
634 4314 712 4374 ibid„
727 4323 747 4368 t.
762 4312 806 4377 IV,
823 4313 845 4366 f⁰
858 4315 908 4368 257
923 4322 962 4369 νο.

366 4399 393 4449 2.
407 4393 538 4452 Statutor.
552 4396 655 4452 Galeoti
670 4395 777 4471 fragm,
792 4401 870 4460 ibid„
886 4407 905 4453 t.
920 4398 962 4464 IV,
977 4397 998 4453 fa
1013 4400 1073 4452 158.

365 4483 392 4534 3.
410 4483 537 4550 neptem.
556 4482 591 4536 de
605 4486 684 4538 1679.
701 4485 802 4537 Pieces
817 4487 869 4538 rel.
885 4488 905 4538 ὰ
920 4487 1023 4539 l'Unio.
1040 4485 1163 4553 d'Aui9.‚
1179 4491 1198 4538 t.
1215 4483 1248 4553 ll,
1264 4488 1302 4538 1¹⁰
1317 4481 1425 4555 part.,s
1449 4485 1493 4546 at.

365 4569 393 4620 t.
409 4563 536 4632 Vastan,
549 4568 616 4622 ibid.
627 4598 659 4608 -
669 4572 748 4622 Ball.
766 4572 851 4624 Ciott.
867 4575 966 4631 Acen..
983 4587 1011 4642 p.
1024 4569 1204 4638 'lb—Brun,
1218 4577 1238 4631 t,
1249 4569 1389 4642 ll,p.458,.

366 4649 392 4703 s.
409 4653 499 4704 Bulla
515 4655 617 4706 reone
632 4655 666 4713 x,
680 4655 710 4707 tn
722 4657 800 4708 aasz.
818 4657 901 4708 croti.
916 4660 1017 4716 loen..
1034 4672 1061 4732 p.
1080 4656 1125 4717 ra.
1295 4643 1298 4652 '

366 4737 393 4790 6.
410 4737 496 4789 Mem.
509 4753 563 4790 sur
576 4738 679 4796 l’Univ.
695 4739 819 4810 decue
830 4736 854 4800 {⁰
867 4740 928 4801 114,
