3676 5592
374 563 412 630 116
722 587 959 634 unrrnnsrrnnrs
980 587 1202 634 avmuonnnsm

380 702 474 777 1376
491 712 515 776 ¹.
537 706 689 781 Postera
707 707 764 781 die
783 716 864 803 post
882 707 1091 780 electionem
1107 705 1334 782 Primicerius
1352 730 1479 782 recens
1497 704 1540 782 ab

376 817 474 889 urbis
494 817 705 894 Consulibus
724 831 759 893 et
773 823 916 894 Vioario
934 833 944 858 ¹
962 822 1154 893 visebatur.
1175 821 1310 894 Deinde
1333 823 1426 917 apud
1445 822 1541 916 epis-

377 951 515 1023 copum,
540 933 606 1022 vel,
635 957 678 1005 eo
705 935 863 1022 absente,
894 935 987 1028 apud
1009 933 1239 1028 praepositum
1261 935 1540 1029 metropolitanae

377 1041 542 1115 eeclesiae
557 1045 593 1115 in
615 1047 812 1118 custodiam
830 1047 984 1118 omnium
1003 1045 1208 1118 Academiae
1225 1047 1488 1140 privilegiorum
1506 1053 1541 1118 et

374 1151 505 1246 legum,
529 1164 564 1227 et
579 1157 682 1229 simul
695 1158 730 1229 in
746 1159 954 1254 obsequium
968 1166 1003 1230 et
1016 1157 1251 1228 reverentiam
1267 1157 1369 1230 Sedis
1383 1157 1540 1252 Aposto-

374 1263 454 1336 11636
481 1275 515 1338 61
539 1270 704 1362 praesulis
724 1269 985 1341 Avenionensis
1004 1269 1148 1363 jurabat
1168 1267 1194 1339 ³.
1222 1269 1314 1342 Huic
1342 1294 1437 1342 curae
1465 1277 1541 1342 erat

376 1377 518 1450 scholas
542 1388 578 1452 et
604 1381 808 1475 disciplinas
830 1383 1005 1470 ordinare,
1035 1381 1218 1452 doctorum
1246 1382 1477 1453 eruditionem
1506 1389 1541 1453 et
1575 1439 1577 1443 ⁷
1610 1395 1611 1398 ’

375 1488 581 1581 doctrinam,
604 1493 756 1586 singulis
774 1495 875 1565 annis
892 1494 990 1566 initio
1007 1493 1200 1565 studiorum
1220 1501 1255 1563 et
1267 1493 1365 1564 feriis
1384 1495 1540 1566 Pascha-

373 1599 476 1689 libus,
506 1605 719 1692 examinare,
755 1605 906 1698 collegia
934 1605 1088 1676 invisere
1109 1613 1148 1676 et
1179 1605 1223 1680 de
1251 1605 1377 1698 peritia
1402 1605 1540 1678 illorum

369 1711 544 1805 judicare,
569 1717 626 1811 qui
640 1717 773 1810 gradus
793 1717 1002 1788 affectarent
1017 1715 1043 1788 ⁴.

423 1824 445 1894 J
448 1826 711 1900 urisdiotionem
728 1828 883 1901 babebat
901 1852 1034 1914 eorum,
1056 1829 1114 1924 qui
1133 1851 1177 1900 ex
1191 1829 1431 1900 Universitate
1450 1850 1540 1922 pen-

376 1936 510 2027 derent,
532 1939 569 2010 id
585 1949 640 2011 est
658 1941 852 2028 doctorum,
877 1941 1090 2012 studentium
1108 1949 1143 2012 et
1158 1941 1431 2034 suppositorum,
1452 1963 1540 2035 quo-

374 2070 452 2119 rum
478 2052 740 2124 controversias
772 2053 958 2125 dirimebat
980 2051 1005 2123 ⁵.
1038 2052 1371 2124 Ecclesiasticorum
1402 2052 1541 2147 quidem

376 2183 504 2233 causas
523 2164 672 2256 primum
691 2165 876 2265 judicabat
900 2165 1024 2236 doctor
1045 2163 1170 2259 aliquis
1197 2164 1358 2246 clericus,
1388 2163 1541 2235 ’61111111-

374 2274 552 2346 versitatis
575 2275 726 2369 collegio
744 2276 890 2364 electus,
916 2299 1022 2372 quum
1044 2269 1271 2347 Primieerius
1290 2275 1402 2347 laicus
1422 2285 1535 2362 esset;

374 2393 501 2477 postea
515 2409 611 2474 vero,
634 2410 726 2459 anno
754 2387 857 2476 1514,
882 2411 927 2459 ex
949 2387 1044 2460 bulla
1068 2387 1198 2459 Leonis
1221 2387 1269 2474 X,
1292 2410 1415 2458 omnes
1432 2387 1538 2458 totius

375 2495 623 2570 Universitatis
645 2522 766 2571 causae
792 2500 838 2571 ad
860 2499 1115 2586 Primic'erium,
1143 2498 1406 2593 qualiscumque
1426 2507 1533 2586 esset,

376 2607 503 2680 delatae
523 2609 639 2682 sunt⁶.
651 2609 709 2682 Ad
725 2621 798 2682 tres
816 2618 985 2704 patronos
1002 2610 1266 2704 privilegiorum
1274 2598 1533 2688 Universitatis.

373 2717 702 2815 Archiepiscopum,
721 2721 897 2794 Abbatem
922 2721 1034 2792 sancti
1048 2719 1215 2807 Andreae,
1236 2728 1340 2815 atque
1355 2721 1538 2792 Deeanum

373 2831 476 2903 Beati
487 2833 595 2920 Petri,
612 2841 755 2928 quartus
767 2833 810 2905 ab
823 2834 948 2904 eodem
958 2832 1123 2926 pontifice
1136 2831 1362 2902 Primieerius
1376 2833 1537 2926 adjectus

375 2951 443 3013 est.
476 2943 519 3014 Ei
548 2967 687 3040 quoque
718 2944 836 3016 Sixtus
864 2945 925 3032 IV,
964 2942 1221 3038 Viae-percotis
1254 2944 1398 3015 creandi
1420 2952 1539 3037 potes-

372 3061 481 3125 tatem
514 3055 679 3144 attribuit,
714 3079 818 3152 quam
843 3065 961 3127 tamen
991 3063 1118 3149 postea
1148 3052 1351 3126 Alexander
1374 3056 1424 3126 Vl
1455 3055 1538 3126 Sedi

372 3165 591 3260 Apostolicae
606 3167 757 3238 reddidit
773 3178 798 3239 ⁷.
845 3252 848 3263 .

420 3277 569 3360 Quantae
584 3278 714 3350 fuerint
729 3279 926 3352 Primieerii
940 3279 1092 3371 dignitas
1108 3285 1212 3373 atque
1228 3279 1420 3350 auctoritas
1436 3301 1481 3350 ex
1496 3302 1538 3350 eo

371 3389 492 3462 videre
508 3398 563 3462 est
583 3391 677 3486 quod
695 3391 789 3462 idem
811 3391 847 3461 in
866 3389 1076 3483 gravissimo
1096 3389 1245 3460 civitatis
1264 3389 1413 3461 coneilio
1432 3391 1539 3461 sede-

370 3501 431 3572 bat
448 3525 455 3572 :
474 3502 518 3573 de
533 3501 628 3574 nulla
641 3525 680 3573 re
695 3501 863 3573 momenti
879 3500 1066 3594 cujuslibet
1082 3509 1278 3588 senatores,
1298 3501 1357 3572 1116
1374 3501 1532 3588 absente,

371 3611 568 3684 deliberare
594 3619 771 3706 poterant.
798 3611 924 3682 Omnia
946 3633 967 3682 a
988 3611 1191 3682 consulibus
1212 3619 1326 3704 gesta,
1357 3612 1531 3699 mandata,

369 3731 550 3796 contracta
568 3723 787 3818 approbabat
804 3731 839 3794 et
861 3722 1117 3794 subscribebat.
1137 3723 1341 3794 Honoribus
1359 3722 1535 3794 a‘oivitate

370 3835 635 3908 cumulabatur:
657 3835 872 3930 peculiarem
891 3834 1012 3906 sedem
1033 3835 1069 3905 in
1094 3841 1220 3907 senatu
1240 3834 1430 3923 obtinebat,
1455 3843 1535 3906 ante

402 4139 426 4190 l.
443 4135 572 4202 Vannio„
587 4138 703 4192 111161·-
718 4134 801 4190 Coun.
818 4133 912 4202 Vnnn„
929 4135 1007 4194 totu„
1031 4143 1058 4188 et
1082 4139 1102 4188 t.
1119 4131 1161 4198 Vl,
1181 4130 1204 4186 f⁰
1227 4134 1286 4189 154.
1306 4163 1341 4176 -
1357 4133 1529 4205 Cannensem,

364 4225 437 4276 Neo.
454 4223 648 4292 11166169.-
665 4221 753 4286 Bana,
765 4224 853 4282 Dici..
870 4229 892 4276 t.
909 4219 943 4286 ll,
957 4237 985 4291 p.
1002 4219 1064 4272 156.

400 4311 426 4362 2.
442 4307 543 4363 Gallice
560 4310 687 4382 Viguier.

399 4394 427 4446 3.
444 4391 575 4460 Vennum,
592 4395 659 4447 ibid.

397 4481 425 4531 l.
442 4481 519 4531 Ball.
536 4480 613 4530 61611.
630 4482 730 4537 Auen„
747 4493 775 4547 p.
797 4479 840 4528 71.
857 4505 893 4514 -
905 4474 988 4530 Cnun.
1004 4471 1098 4536 Veni„
1115 4471 1184 4530 ibid.

397 4563 424 4616 5.
439 4561 520 4617 Coun.
537 4561 629 4626 Vnum,
645 4562 712 4616 ibid.
724 4590 759 4600 -
772 4560 862 4624 Bana,
883 4561 950 4614 ibid.

395 4651 422 4701 6.
439 4645 522 4700 Cano.
540 4645 619 4700 Veni.
636 4645 852 4712 6111111.,11111.

395 4736 423 4786 7.
438 4731 567 4802 vicmo,
586 4731 655 4788 tbtd.
