3686 5590
444 526 482 592 70
787 551 1022 596 uruvunsrrarrs
1043 549 1262 598 avsvroruvsrs

445 664 514 738 viae
527 688 593 761 per
601 675 695 742 tecta
704 669 905 765 quaerendae
917 669 1148 763 accingebant
1166 693 1216 759 se,
1231 680 1268 742 ut
1284 679 1434 746 amatam
1448 671 1600 769 puellam

444 777 650 853 inviserent.
683 779 856 870 Ceterum,
888 783 924 852 in
947 783 1050 875 culpa
1074 791 1239 877 quantum
1255 783 1337 855 fidei
1360 796 1477 879 potest
1502 809 1596 874 esse,

444 889 550 964 fidem
559 894 687 986 optime
707 895 904 982 servabant,
917 917 1032 988 neque
1047 903 1231 986 parentum
1246 899 1394 968 nummis
1408 899 1603 991 parcebant

445 1010 482 1074 ut
494 1012 596 1097 grata
607 1005 740 1078 ferrent
755 1005 878 1078 amatis
891 1005 1029 1098 puellis;
1052 1027 1149 1097 saepe
1165 1006 1270 1077 etiam
1283 1007 1391 1078 libros
1409 1017 1468 1080 aut
1482 1018 1601 1094 vestes

444 1114 594 1208 pignora
622 1116 803 1204 dederunt,
830 1123 867 1188 ut
889 1117 1076 1212 pecuniam
1102 1117 1138 1187 in
1168 1140 1324 1206 munera,
1356 1128 1415 1190 aut
1443 1121 1604 1193 convivia

447 1239 691 1322 compararent
708 1239 732 1301 ¹.

494 1341 572 1413 Nec
595 1349 728 1412 tantum
752 1340 897 1413 lascivae
920 1362 1041 1412 eorum
1068 1347 1203 1412 naturae
1229 1339 1374 1412 mollitia
1395 1349 1429 1412 et
1447 1364 1598 1432 amores,

446 1451 511 1524 sed
540 1452 645 1524 etiam
676 1460 841 1546 protervo
872 1452 1014 1546 ingenio
1053 1451 1174 1546 jurgia
1211 1451 1406 1544 placebant,
1445 1462 1480 1524 et
1511 1454 1603 1525 male

443 1563 640 1637 habebatur
665 1565 873 1660 quicumque
905 1573 1047 1657 gentem
1073 1563 1167 1634 illam
1194 1563 1354 1634 manibus
1380 1564 1475 1636 haud
1497 1566 1602 1636 facile

446 1683 700 1770 temperantem
714 1676 957 1747 lacessiverat.
971 1677 1094 1770 ltaque
1106 1674 1273 1745 conviciis
1286 1684 1320 1744 et
1327 1675 1411 1746 rixis
1430 1676 1605 1748 civitatem

446 1787 707 1880 perturbabant,
726 1809 769 1858 eo
784 1787 983 1880 praesertim
997 1788 1155 1879 tempore
1175 1808 1242 1880 quo
1262 1786 1371 1857 abbas
1396 1787 1600 1880 ehgebatur,

451 1898 509 1994 qui
536 1898 668 1992 saepius
696 1921 741 1969 ex
765 1898 979 1969 Provinciah
1011 1897 1162 1984 natione,
1195 1897 1322 1991 quippe
1352 1921 1431 1992 quae
1460 1891 1605 1969 numero

450 2009 601 2082 maxima
621 2017 727 2097 esset,
749 2009 968 2098 sumebatur;
991 2016 1063 2079 tum
1085 2008 1173 2080 alius
1189 2007 1293 2078 alium
1311 2009 1427 2078 verbis
1441 2009 1600 2102 primum,

451 2121 577 2193 deinde
591 2121 717 2192 ictibus
731 2127 866 2214 petere3
880 2121 961 2191 inde
975 2142 1105 2213 pugnae
1123 2141 1168 2190 ex
1183 2119 1307 2213 quibus
1317 2141 1387 2189 nou
1398 2119 1601 2208 doctissimi,

451 2232 515 2304 sed
537 2232 772 2304 robustissimi
789 2233 942 2304 victores
972 2231 1195 2302 evadebant:
1222 2230 1303 2300 inde
1339 2231 1442 2300 etiam
1474 2232 1606 2302 civibus

450 2353 617 2432 terrores,
639 2353 674 2415 et
688 2366 828 2436 magnae
849 2343 1112 2436 magistratibus
1129 2364 1236 2430 curae,
1258 2341 1316 2436 qui
1334 2365 1438 2436 quum
1463 2343 1607 2413 studen-

452 2456 546 2527 tibus
589 2477 687 2527 arma
731 2455 855 2527 tollere
897 2455 1028 2525 frustra
1071 2471 1319 2548 nonnunquam
1361 2454 1603 2544 tentavissent,

452 2567 674 2638 decertantes
687 2567 894 2660 impugnare
910 2566 1023 2637 coacti
1047 2573 1138 2638 sunt.
1159 2564 1303 2647 Quoties
1326 2587 1410 2635 vero
1433 2565 1538 2635 armis
1553 2567 1609 2636 usi

454 2683 535 2750 sunt
558 2678 664 2771 cives,
690 2677 857 2749 ridiculus
877 2677 942 2748 fuit
964 2699 1095 2770 pugnae
1119 2675 1232 2746 exitus
1257 2699 1265 2745 :
1286 2675 1495 2746 adventante
1516 2677 1607 2747 enim

450 2789 601 2860 tironum
628 2789 753 2860 civium
774 2789 929 2875 cohorte,
962 2787 1077 2858 statim
1097 2809 1141 2857 ex
1161 2794 1308 2881 utraque
1332 2793 1431 2879 parte
1455 2810 1609 2880 pugnam

453 2900 675 2988 omittebant,
687 2907 722 2971 et
737 2899 886 2971 insohtis
905 2899 1011 2970 armis
1025 2898 1213 2990 impeditos
1228 2897 1323 2968 cives
1335 2897 1408 2967 risu
1422 2907 1456 2968 et
1471 2899 1610 2970 cavilla-

453 3010 605 3082 tionibus
626 3010 935 3103 aggrediebantur.
955 3009 1090 3078 Deinde
1108 3007 1230 3078 urbem
1251 3006 1421 3076 terruisse
1441 3009 1606 3095 contenti,

457 3121 697 3194 discedebant.
726 3121 778 3192 Eo
807 3121 911 3192 etiam
940 3119 1092 3191 licentiae
1124 3126 1303 3204 venerant,
1329 3126 1367 3186 ut
1386 3116 1612 3212 Aquensibus

458 3233 676 3304 studentibus
697 3232 779 3304 vitio
797 3239 985 3318 verterent,
1013 3231 1106 3326 quod
1128 3227 1410 3299 «Portooteoto'»
1436 3230 1615 3301 severitati

457 3345 640 3433 cederent3
672 3343 754 3414 dum
780 3342 867 3437 ipsis
894 3341 1153 3414 Aveuionensis
1182 3339 1288 3425 curia,
1324 3361 1368 3409 ne
1394 3340 1476 3434 quid
1500 3342 1615 3434 majus

458 3455 637 3542 auderent,
662 3477 832 3526 summam
846 3454 882 3524 iu
897 3454 1036 3524 civitate
1050 3453 1246 3522 libertatem
1261 3459 1503 3522 concesserat.

506 3569 580 3639 lmo
597 3565 871 3638 Bacchanalium
888 3573 1058 3658 tempore,
1082 3563 1112 3633 si
1131 3563 1207 3657 quis
1221 3561 1427 3631 ludaeorum
1440 3569 1615 3654 protervae

459 3679 669 3752 studentium
697 3677 811 3748 turbae
841 3683 1054 3761 occurreret,
1088 3695 1166 3768 quae
1195 3695 1260 3765 per
1287 3672 1409 3742 urbem
1442 3673 1547 3744 variis
1582 3684 1617 3745 et

457 3790 606 3863 insolitis
634 3789 790 3861 vestibus
817 3787 940 3881 vagari
964 3785 1109 3872 solebat,
1139 3784 1173 3855 ei
1194 3783 1285 3854 male
1316 3791 1419 3854 acuta
1446 3786 1617 3858 novacula

456 3900 854 3988 barbamtondebant3si
863 3921 931 3994 qua
941 3897 1202 3984 meretrix,eam
1215 3895 1612 3987 fiagelhsverberabaut3

458 4015 605 4110 utrique,
631 4013 661 4084 si
678 4011 886 4106 supphcium
899 4009 1008 4080 vitare
1024 4007 1161 4094 vellent,
1182 4005 1297 4076 danda
1319 4014 1394 4076 erat
1415 4007 1566 4098 pecunia
1588 4019 1612 4080 ².

458 4126 523 4210 Qui
537 4147 614 4196 mos
633 4124 780 4218 septimo
790 4122 926 4197 decimo
939 4119 1220 4191 saeculotandem
1232 4117 1413 4202 obsolevit,
1428 4126 1615 4213 postquam

458 4236 639 4310 studentes
655 4235 802 4328 pudicas
812 4232 915 4305 etiam
930 4230 1076 4324 puellas,
1095 4228 1235 4299 invidiae
1245 4249 1363 4315 causa,
1384 4228 1523 4300 caedere
1537 4231 1616 4331 ausi

491 4528 516 4580 t.
533 4527 633 4589 Anaua,
647 4541 675 4596 p.
689 4526 723 4580 33
735 4530 762 4579 et
775 4525 820 4577 77.

491 4613 517 4664 2.
535 4612 616 4670 loto,
636 4609 696 4666 llaec
712 4615 790 4665 erant
808 4607 863 4663 duo
876 4604 1026 4678 peculiaria
1040 4602 1207 4661 studentium
1220 4602 1293 4672 jura,
1307 4615 1424 4674 quorum
1438 4599 1506 4654 alter
1516 4597 1613 4673 gallice

457 4693 648 4754 nominabatur
662 4696 738 4751 droit
754 4695 789 4750 de
803 4694 898 4752 barbe,
911 4691 980 4746 alter
996 4692 1072 4745 droit
1089 4690 1123 4744 de
1138 4690 1283 4744 bottaeule.
