3686 5590
681 545 846 603 rlrsromca
867 546 1079 603 lentissimo.
1156 577 1159 582 -
1426 529 1459 604 dl

298 667 486 748 doctoratu
507 686 791 772 opprcpotoruut
812 677 850 746 iri
871 677 951 772 ipso
972 675 1225 758 Uaioersitote,
1251 684 1286 745 et
1309 676 1374 748 boc
1399 679 1463 749 sub

289 813 404 883 poeno
427 788 645 884 privationis
677 789 788 859 trioni
814 812 994 858 nouorum
1016 811 1039 858 o
1068 787 1213 881 oollopio
1234 798 1258 857 ¹.
1286 817 1301 852 s
1331 790 1463 876 Quibus

297 900 610 993 supplicationibus
630 901 801 972 satisfecit
818 900 980 972 Clemens
1000 901 1080 986 Vll,
1113 899 1171 994 qui
1198 921 1289 970 anno
1315 899 1402 971 1531
1430 911 1464 972 et

297 1012 489 1110 antediem
514 1012 760 1083 duodecimum
785 1013 869 1083 Kal.
902 1011 1037 1083 octobr.
1067 1011 1215 1098 litteras,
1238 1011 1295 1080 vel
1328 1011 1464 1082 bullont

297 1123 422 1211 emisit,
470 1147 538 1218 qua
566 1124 710 1194 vetitum
747 1124 812 1193 suit
843 1146 888 1195 ne
917 1153 933 1188 <t
954 1121 1108 1194 Comites
1125 1121 1306 1194 ,Patauii
1335 1131 1371 1193 et
1401 1125 1465 1194 oli'

296 1234 464 1330 speciales
502 1234 740 1306 commissarii
768 1234 970 1331 Apostolioi
994 1264 1009 1298 s
1042 1235 1104 1326 jus
1146 1233 1212 1303 sibi
1246 1234 1463 1306 vindicarent

294 1346 524 1438 promovendi
555 1369 810 1442 quemcumque
838 1347 882 1418 ad
908 1376 925 1410 u
944 1344 1203 1439 Mopistrotos,
1221 1344 1459 1430 Licentiotos,

293 1458 605 1530 Boooolourootus
615 1467 650 1528 et
664 1458 796 1552 forsan
810 1457 899 1528 otios
917 1457 1057 1552 prodas
1069 1455 1107 1526 iri
1120 1455 1251 1526 Divino
1262 1458 1462 1530 eiboroono

286 1569 450 1662 juribus,
480 1569 650 1651 Artibus,
680 1569 876 1652 Medicina,
905 1577 941 1638 et
962 1567 1041 1638 otiis
1069 1565 1224 1639 scientiis
1241 1597 1276 1638 u.
1299 1568 1462 1640 Ceterum

294 1681 465 1774 praecepit
488 1704 644 1752 summus
668 1680 837 1774 pontisas,
868 1703 912 1751 ne
937 1680 1014 1775 quis
1038 1680 1187 1772 gradum
1206 1702 1461 1776 quemcumque

295 1792 452 1884 adipisci,
475 1802 509 1864 et
529 1822 545 1858 «
558 1790 773 1888 privilepiis
785 1791 989 1886 favoribus
1005 1790 1306 1874 immunitatibus,
1325 1793 1463 1864 obicio-

296 1903 448 1974 tionibus
464 1914 499 1982 et
515 1903 800 2000 preeeotincntiis
818 1903 958 1998 prodas
981 1901 1188 1994 huiusmodi
1210 1902 1276 1986 uti,
1295 1904 1413 1998 potiri
1429 1915 1464 1977 et

294 2015 456 2112 paudere
475 2046 491 2081 »
513 2025 637 2110 posset
658 2000 757 2087 extra
772 2015 1047 2086 Universitatem
1061 2013 1348 2086 Avenionensem
1364 2027 1388 2088 ².

347 2127 466 2226 Gratis
486 2128 595 2215 initio,
625 2128 747 2199 favore
766 2127 916 2222 odioque
940 2136 974 2197 et
992 2149 1111 2198 amore
1128 2126 1293 2215 exclusis,
1318 2129 1463 2200 studen-

298 2238 382 2309 tium
403 2239 681 2333 experimentum
702 2239 809 2310 fiebat
825 2239 849 2309 ³.
868 2239 1026 2310 Pecunia
1044 2238 1169 2309 deinde
1189 2240 1461 2332 exposcebatur.

258 2371 262 2376 ·
300 2351 406 2421 Sexto
432 2351 568 2422 decimo
598 2351 741 2439 saecule,
776 2351 833 2445 qui
862 2351 1009 2422 solemni
1032 2350 1100 2420 ritu
1125 2350 1248 2420 doctor
1266 2350 1466 2424 initiabatur

298 2463 547 2534 Universitatis
585 2463 712 2533 scribae
746 2472 863 2534 certos
898 2463 1048 2556 primum
1087 2485 1248 2533 nummos
1290 2463 1461 2536 solvebat.

298 2574 431 2645 Postea
470 2604 485 2639 «
511 2597 580 2645 uno
611 2575 785 2645 dominico
815 2597 936 2670 equeS,
978 2573 1085 2645 officii
1117 2573 1240 2665 gratia,
1275 2574 1458 2666 Legatum,

297 2685 489 2774 Vioarium,
527 2686 714 2775 Praelatos,
747 2686 1001 2772 primicerium,
1030 2681 1205 2757 Doctores
1231 2693 1265 2756 et
1292 2684 1465 2759 Consules

300 2798 531 2870 conveniebat
546 2806 650 2895 atque
667 2821 730 2872 eos
741 2797 922 2870 invitabat.
942 2799 982 2868 ln
998 2797 1189 2868 erastinum
1202 2796 1274 2869 ibat
1291 2797 1337 2870 ad
1350 2798 1465 2872 aedem

337 3091 361 3142 l.
376 3089 411 3142 P.
428 3089 480 3143 rel.
495 3087 629 3142 at’onto.
645 3085 767 3155 d'Au'p„
786 3093 803 3139 t.
818 3079 1038 3148 13Htst.‚s⁰tt.

336 3177 361 3228 ἓ.
377 3175 486 3228 toto-
499 3177 576 3227 nott.
593 3175 676 3226 Cinit.
691 3178 792 3230 Auen„
808 3189 835 3242 p.
854 3173 897 3223 76.

338 3263 362 3312 3.
378 3257 508 3313 bonifacii
523 3259 578 3312 Vlll
596 3258 670 3312 bulla
686 3257 713 3312 in
736 3261 813 3310 Bott.
836 3260 902 3310 eicit
915 3261 1016 3315 Acen„
1036 3271 1063 3326 p.
1080 3254 1124 3309 38.
1137 3285 1171 3295 -—
1187 3251 1248 3312 llaec
1265 3255 1293 3311 in
1311 3253 1419 3316 statutis
1432 3255 1467 3315 ab

302 3345 431 3418 episcopo
447 3345 596 3399 Bertraudo
613 3346 737 3416 Aymiui,
756 3357 829 3397 anno
847 3340 1057 3405 moecenatis,
1077 3343 1248 3412 reperimus:
1266 3363 1281 3392 a
1295 3343 1371 3399 Circa
1387 3347 1466 3400 ordi-

302 3447 363 3485 nem
388 3429 549 3486 doctorandi
568 3429 770 3484 observandum
793 3428 946 3488 ordinatur,
967 3425 1094 3480 videlicet
1115 3426 1189 3496 quod
1210 3426 1404 3484 baccalaureus
1419 3432 1466 3502 qui

302 3518 438 3571 doctorari
459 3514 598 3570 desiderat
612 3523 675 3568 ante
692 3513 784 3567 omnia
799 3529 860 3567 cum
882 3513 1002 3579 doctore,
1019 3511 1070 3564 sub
1088 3526 1144 3582 quo
1165 3513 1301 3567 doctorari
1318 3515 1466 3577 desiderat.

301 3601 393 3656 veniat
405 3601 437 3654 ud
454 3600 640 3654 Primicerinm
658 3599 812 3676 doctorum,
829 3607 855 3652 et
871 3595 966 3651 doctor
982 3611 1062 3649 suum
1078 3595 1286 3651 baccalaureum
1306 3599 1466 3658 Primicerio

298 3693 465 3757 presentet.
489 3685 525 3739 Eo
541 3691 707 3755 praesentato
727 3682 900 3737 primicerius
918 3680 1055 3735 examinet
1074 3697 1146 3745 eam,
1164 3683 1347 3751 praesentibus
1368 3685 1465 3744 docto.

303 3771 387 3832 ribus,
405 3771 438 3826 de
456 3778 577 3841 tempore
591 3768 675 3824 studii
692 3775 718 3822 et
734 3768 767 3821 de
784 3767 930 3830 natalibus,
945 3775 971 3820 et
986 3765 1148 3836 quotannis
1164 3769 1240 3834 lepit,
1256 3772 1321 3821 etsi
1336 3773 1404 3838 leptt
1418 3789 1467 3844 per

302 3856 423 3927 quinque
436 3871 536 3917 annos,
560 3862 586 3907 et
608 3853 653 3906 ubi
679 3853 827 3912 studebat
849 3852 882 3905 de
901 3849 1157 3906 conversationibus
1180 3850 1248 3914 suis,
1271 3860 1298 3906 et
1319 3856 1345 3906 st
1368 3855 1465 3916 babeat

300 3941 387 3995 libros
402 3940 453 3995 sibi
468 3939 639 3994 necessarios
654 3946 681 3992 et
696 3938 803 3996 habuit,
819 3943 847 3991 et
860 3943 927 4008 quot
941 3951 1076 3989 annorum
1093 3943 1144 3991 est,
1161 3945 1187 3988 et
1207 3951 1291 4005 super
1305 3939 1366 3993 aliis
1383 3956 1466 4011 prout

301 4025 354 4081 sibi
370 4025 515 4079 videbitur.
534 4023 580 4078 llis
595 4023 720 4094 peractis,
738 4023 782 4076 fiat
798 4021 861 4076 inde
875 4021 1089 4075 instrumentum
1101 4022 1126 4072 si
1140 4019 1256 4074 idoneus
1269 4030 1312 4075 est
1325 4037 1463 4095 repertus,

302 4119 328 4166 et
342 4109 440 4166 deiude
452 4125 500 4181 per
514 4109 653 4164 doctorem
668 4123 809 4179 perquem
825 4105 1010 4160 licentiaudus
1025 4113 1067 4158 est
1080 4113 1261 4174 presentetur
1277 4109 1466 4171 avenionensi

301 4195 440 4268 episcopo,
459 4195 501 4250 vel
518 4192 867 4266 praeposito,rlvenionerrsi
882 4191 946 4246 sede
957 4189 1199 4254 vacantelleiude,
1219 4188 1321 4247 'vocatis
1335 4197 1466 4258 omnibus

302 4281 459 4338 doctoribus
476 4280 510 4334 de
529 4280 655 4352 collegio,
675 4295 724 4350 per
740 4277 876 4332 bedellum
899 4275 1056 4347 generalem
1077 4291 1133 4330 uno
1152 4291 1232 4330 mane
1252 4278 1412 4336 admittatur
1431 4289 1465 4342 ad

302 4365 528 4423 examinationem
541 4365 682 4436 privatam,
695 4373 721 4418 et
732 4363 874 4418 tradantur
888 4364 942 4415 sibi
956 4371 1055 4431 puncta
1068 4360 1096 4413 in
1108 4361 1229 4416 secundo
1241 4363 1354 4432 [sacello
1362 4366 1381 4437 l]
1395 4368 1465 4425 Sim.

302 4451 428 4526 phoriani
450 4451 477 4504 in
501 4451 567 4506 hora
589 4457 731 4516 consueta,
757 4456 783 4503 et
803 4446 919 4518 quilibet
939 4447 1034 4502 doctor
1056 4445 1135 4500 saciat
1154 4445 1208 4501 duo
1227 4461 1398 4522 argumenta,
1423 4457 1466 4512 vel

303 4540 357 4593 duo
372 4535 546 4610 quaestiones,
559 4544 596 4604 et,
608 4534 631 4589 si
645 4541 706 4605 post
719 4531 947 4588 examinationem
959 4531 1075 4588 idoneus
1087 4539 1212 4603 repertus
1224 4537 1289 4606 (uit,
1305 4537 1338 4592 de
1348 4540 1465 4600 consilio

303 4624 446 4680 doctorum
467 4621 671 4694 approbabitur,
695 4620 738 4677 vel
760 4617 960 4690 reprobabitur,
981 4617 1003 4670 si
1029 4616 1110 4672 luerit
1129 4617 1328 4690 reprobandus.
1352 4627 1465 4694 (Preces

305 4713 355 4766 rel.
371 4713 390 4764 ὰ
405 4709 509 4764 t’Unie.
526 4705 668 4778 d'i-lcipn„
685 4714 705 4761 t.
720 4703 764 4774 tt,
780 4705 841 4774 otj.
854 4704 921 4766 dio„
937 4701 958 4756 l⁰
973 4703 1023 4758 att
1041 4703 1100 4780 ms.)
