<?xml version="1.0" encoding="UTF-8"?>
<!DOCTYPE html PUBLIC "-//W3C//DTD XHTML 1.0 Transitional//EN"
    "http://www.w3.org/TR/xhtml1/DTD/xhtml1-transitional.dtd">
<html xmlns="http://www.w3.org/1999/xhtml" xml:lang="en" lang="en">
 <head>
  <title>
</title>
<meta http-equiv="Content-Type" content="text/html;charset=utf-8" />
  <meta name='ocr-system' content='tesseract 3.04.00' />
  <meta name='ocr-capabilities' content='ocr_page ocr_carea ocr_par ocr_line ocrx_word'/>
</head>
<body>
  <div class='ocr_page' id='page_1' title='image "./universitatisav00bardgoog_0081.png"; bbox 0 0 3686 5590; ppageno 0'>
   <div class='ocr_carea' id='block_1_1' title="bbox 381 509 1191 586">
    <p class='ocr_par' dir='ltr' id='par_1_1' title="bbox 381 509 1191 586">
     <span class='ocr_line' id='line_1_1' title="bbox 381 509 1191 586; baseline 0.015 -12"><span class='ocrx_word' id='word_1_1' title='bbox 381 509 418 575; x_wconf 83' lang='lat'>74</span> <span class='ocrx_word' id='word_1_2' title='bbox 718 537 951 583; x_wconf 75' lang='lat' dir='ltr'>curvanstrarts</span> <span class='ocrx_word' id='word_1_3' title='bbox 973 537 1191 586; x_wconf 77' lang='lat' dir='ltr'>nvuutouunsts</span> 
     </span>
    </p>
   </div>
   <div class='ocr_carea' id='block_1_2' title="bbox 377 649 1556 2762">
    <p class='ocr_par' dir='ltr' id='par_1_2' title="bbox 377 649 1536 1090">
     <span class='ocr_line' id='line_1_2' title="bbox 381 649 1536 756; baseline 0.014 -36"><span class='ocrx_word' id='word_1_4' title='bbox 381 649 514 744; x_wconf 78' lang='lat' dir='ltr'><strong>quisset</strong></span> <span class='ocrx_word' id='word_1_5' title='bbox 532 679 622 729; x_wconf 88' lang='lat' dir='ltr'>novo</span> <span class='ocrx_word' id='word_1_6' title='bbox 641 659 810 754; x_wconf 79' lang='lat' dir='ltr'>magistro</span> <span class='ocrx_word' id='word_1_7' title='bbox 834 659 1032 748; x_wconf 86' lang='lat' dir='ltr'>solvendos,</span> <span class='ocrx_word' id='word_1_8' title='bbox 1065 658 1122 756; x_wconf 88' lang='lat' dir='ltr'>qui</span> <span class='ocrx_word' id='word_1_9' title='bbox 1145 667 1217 732; x_wconf 93' lang='lat' dir='ltr'>tres</span> <span class='ocrx_word' id='word_1_10' title='bbox 1242 660 1381 735; x_wconf 89' lang='lat' dir='ltr'>ultimos</span> <span class='ocrx_word' id='word_1_11' title='bbox 1404 662 1536 736; x_wconf 88' lang='lat' dir='ltr'>codicis</span> 
     </span>
     <span class='ocr_line' id='line_1_3' title="bbox 378 759 1535 868; baseline 0.013 -36"><span class='ocrx_word' id='word_1_12' title='bbox 378 759 487 836; x_wconf 91' lang='lat' dir='ltr'>libros</span> <span class='ocrx_word' id='word_1_13' title='bbox 512 781 714 864; x_wconf 86' lang='lat' dir='ltr'>exponeret,</span> <span class='ocrx_word' id='word_1_14' title='bbox 747 773 933 868; x_wconf 90' lang='lat' dir='ltr'>pecuniam</span> <span class='ocrx_word' id='word_1_15' title='bbox 958 772 1097 844; x_wconf 80' lang='lat' dir='ltr'><strong>tradere</strong></span> <span class='ocrx_word' id='word_1_16' title='bbox 1128 783 1349 846; x_wconf 81' lang='lat' dir='ltr'>recusarunt.</span> <span class='ocrx_word' id='word_1_17' title='bbox 1381 776 1466 847; x_wconf 91' lang='lat' dir='ltr'>Inde</span> <span class='ocrx_word' id='word_1_18' title='bbox 1492 777 1535 848; x_wconf 92' lang='lat' dir='ltr'>lis</span> 
     </span>
     <span class='ocr_line' id='line_1_4' title="bbox 377 884 1536 978; baseline 0.016 -35"><span class='ocrx_word' id='word_1_19' title='bbox 377 886 513 968; x_wconf 84' lang='lat' dir='ltr'>exorta,</span> <span class='ocrx_word' id='word_1_20' title='bbox 546 904 659 978; x_wconf 90' lang='lat' dir='ltr'>aqua</span> <span class='ocrx_word' id='word_1_21' title='bbox 683 885 834 971; x_wconf 89' lang='lat' dir='ltr'>tandem,</span> <span class='ocrx_word' id='word_1_22' title='bbox 866 907 957 956; x_wconf 89' lang='lat' dir='ltr'>anno</span> <span class='ocrx_word' id='word_1_23' title='bbox 988 885 1090 972; x_wconf 83' lang='lat'>1699,</span> <span class='ocrx_word' id='word_1_24' title='bbox 1117 884 1290 958; x_wconf 78' lang='lat' dir='ltr'>desistere</span> <span class='ocrx_word' id='word_1_25' title='bbox 1315 887 1536 961; x_wconf 87' lang='lat' dir='ltr'>Universitas</span> 
     </span>
     <span class='ocr_line' id='line_1_5' title="bbox 377 993 1134 1090; baseline 0.015 -35"><span class='ocrx_word' id='word_1_26' title='bbox 377 998 522 1082; x_wconf 92' lang='lat' dir='ltr'>propter</span> <span class='ocrx_word' id='word_1_27' title='bbox 538 993 720 1067; x_wconf 73' lang='lat' dir='ltr'>haeredum</span> <span class='ocrx_word' id='word_1_28' title='bbox 734 996 887 1090; x_wconf 89' lang='lat' dir='ltr'>inopiam</span> <span class='ocrx_word' id='word_1_29' title='bbox 901 1005 1024 1068; x_wconf 89' lang='lat' dir='ltr'>coacta</span> <span class='ocrx_word' id='word_1_30' title='bbox 1039 1005 1094 1067; x_wconf 89' lang='lat' dir='ltr'>est</span> <span class='ocrx_word' id='word_1_31' title='bbox 1110 1007 1134 1066; x_wconf 85' lang='lat'>¹.</span> 
     </span>
    </p>

    <p class='ocr_par' dir='ltr' id='par_1_3' title="bbox 377 1098 1556 2762">
     <span class='ocr_line' id='line_1_6' title="bbox 427 1098 1537 1205; baseline 0.009 -33"><span class='ocrx_word' id='word_1_32' title='bbox 427 1098 459 1172; x_wconf 88' lang='grc' dir='ltr'><strong>Α</strong></span> <span class='ocrx_word' id='word_1_33' title='bbox 482 1106 626 1198; x_wconf 86' lang='lat' dir='ltr'>privatis</span> <span class='ocrx_word' id='word_1_34' title='bbox 650 1129 787 1202; x_wconf 91' lang='lat' dir='ltr'>quoque</span> <span class='ocrx_word' id='word_1_35' title='bbox 816 1108 956 1179; x_wconf 88' lang='lat' dir='ltr'>condita</span> <span class='ocrx_word' id='word_1_36' title='bbox 975 1116 1054 1178; x_wconf 89' lang='lat' dir='ltr'>sunt</span> <span class='ocrx_word' id='word_1_37' title='bbox 1081 1107 1231 1201; x_wconf 82' lang='lat' dir='ltr'>collegia</span> <span class='ocrx_word' id='word_1_38' title='bbox 1246 1120 1268 1197; x_wconf 87' lang='lat'>²,</span> <span class='ocrx_word' id='word_1_39' title='bbox 1301 1133 1380 1205; x_wconf 89' lang='lat' dir='ltr'>quae</span> <span class='ocrx_word' id='word_1_40' title='bbox 1405 1133 1537 1204; x_wconf 89' lang='lat' dir='ltr'>paupe·</span> 
     </span>
     <span class='ocr_line' id='line_1_7' title="bbox 378 1212 1537 1315; baseline 0.01 -33"><span class='ocrx_word' id='word_1_41' title='bbox 378 1212 476 1286; x_wconf 91' lang='lat' dir='ltr'>ribus</span> <span class='ocrx_word' id='word_1_42' title='bbox 503 1218 692 1311; x_wconf 87' lang='lat' dir='ltr'>juvenibus</span> <span class='ocrx_word' id='word_1_43' title='bbox 722 1220 912 1313; x_wconf 82' lang='lat' dir='ltr'>hospitium</span> <span class='ocrx_word' id='word_1_44' title='bbox 936 1220 1134 1315; x_wconf 87' lang='lat' dir='ltr'>victumque</span> <span class='ocrx_word' id='word_1_45' title='bbox 1164 1229 1198 1291; x_wconf 91' lang='lat' dir='ltr'>et</span> <span class='ocrx_word' id='word_1_46' title='bbox 1223 1220 1331 1292; x_wconf 92' lang='lat' dir='ltr'>libros</span> <span class='ocrx_word' id='word_1_47' title='bbox 1363 1245 1432 1293; x_wconf 89' lang='lat' dir='ltr'>una</span> <span class='ocrx_word' id='word_1_48' title='bbox 1459 1245 1537 1294; x_wconf 87' lang='lat' dir='ltr'>cum</span> 
     </span>
     <span class='ocr_line' id='line_1_8' title="bbox 380 1325 1536 1424; baseline 0.008 -28"><span class='ocrx_word' id='word_1_49' title='bbox 380 1325 539 1400; x_wconf 88' lang='lat' dir='ltr'>doctrina</span> <span class='ocrx_word' id='word_1_50' title='bbox 565 1331 778 1424; x_wconf 74' lang='lat' dir='ltr'>praeberent.</span> <span class='ocrx_word' id='word_1_51' title='bbox 798 1331 955 1403; x_wconf 83' lang='lat' dir='ltr'>lacobus</span> <span class='ocrx_word' id='word_1_52' title='bbox 981 1329 1369 1414; x_wconf 68' lang='grc'><strong>33033333333111133</strong></span> <span class='ocrx_word' id='word_1_53' title='bbox 1396 1333 1536 1405; x_wconf 81' lang='lat' dir='ltr'>Clunia·</span> 
     </span>
     <span class='ocr_line' id='line_1_9' title="bbox 381 1439 1537 1536; baseline 0.008 -29"><span class='ocrx_word' id='word_1_54' title='bbox 381 1439 509 1526; x_wconf 89' lang='lat' dir='ltr'>censis,</span> <span class='ocrx_word' id='word_1_55' title='bbox 538 1441 670 1533; x_wconf 87' lang='lat' dir='ltr'>primus</span> <span class='ocrx_word' id='word_1_56' title='bbox 704 1441 892 1513; x_wconf 85' lang='lat' dir='ltr'>Clementis</span> <span class='ocrx_word' id='word_1_57' title='bbox 915 1443 984 1514; x_wconf 86' lang='lat' dir='ltr'>Vll</span> <span class='ocrx_word' id='word_1_58' title='bbox 1005 1443 1111 1536; x_wconf 88' lang='lat' dir='ltr'>jussu</span> <span class='ocrx_word' id='word_1_59' title='bbox 1139 1443 1280 1514; x_wconf 92' lang='lat' dir='ltr'>domum</span> <span class='ocrx_word' id='word_1_60' title='bbox 1306 1466 1415 1531; x_wconf 87' lang='lat' dir='ltr'>suam,</span> <span class='ocrx_word' id='word_1_61' title='bbox 1447 1467 1537 1516; x_wconf 89' lang='lat' dir='ltr'>anno</span> 
     </span>
     <span class='ocr_line' id='line_1_10' title="bbox 384 1548 1537 1646; baseline 0.005 -27"><span class='ocrx_word' id='word_1_62' title='bbox 384 1548 486 1636; x_wconf 85' lang='grc'><strong>1379,</strong></span> <span class='ocrx_word' id='word_1_63' title='bbox 519 1551 554 1621; x_wconf 92' lang='grc'>13</span> <span class='ocrx_word' id='word_1_64' title='bbox 587 1553 773 1646; x_wconf 79' lang='lat' dir='ltr'>collegium</span> <span class='ocrx_word' id='word_1_65' title='bbox 804 1554 984 1640; x_wconf 86' lang='lat' dir='ltr'>convertit,</span> <span class='ocrx_word' id='word_1_66' title='bbox 1019 1555 1078 1624; x_wconf 92' lang='lat' dir='ltr'>ubi</span> <span class='ocrx_word' id='word_1_67' title='bbox 1109 1554 1294 1626; x_wconf 88' lang='lat' dir='ltr'>duodecim</span> <span class='ocrx_word' id='word_1_68' title='bbox 1325 1556 1379 1626; x_wconf 90' lang='lat' dir='ltr'>sui</span> <span class='ocrx_word' id='word_1_69' title='bbox 1406 1556 1537 1626; x_wconf 83' lang='lat' dir='ltr'>ordinis</span> 
     </span>
     <span class='ocr_line' id='line_1_11' title="bbox 382 1660 1538 1759; baseline 0.005 -29"><span class='ocrx_word' id='word_1_70' title='bbox 382 1660 542 1755; x_wconf 89' lang='lat' dir='ltr'>discipuli</span> <span class='ocrx_word' id='word_1_71' title='bbox 557 1664 707 1735; x_wconf 84' lang='lat' dir='ltr'>decretis</span> <span class='ocrx_word' id='word_1_72' title='bbox 724 1667 904 1736; x_wconf 87' lang='lat' dir='ltr'>studerent</span> <span class='ocrx_word' id='word_1_73' title='bbox 915 1665 940 1736; x_wconf 82' lang='lat'>³.</span> <span class='ocrx_word' id='word_1_74' title='bbox 957 1665 1011 1735; x_wconf 83' lang='lat' dir='ltr'>Ex</span> <span class='ocrx_word' id='word_1_75' title='bbox 1024 1666 1119 1736; x_wconf 92' lang='lat' dir='ltr'>bulla</span> <span class='ocrx_word' id='word_1_76' title='bbox 1134 1666 1294 1759; x_wconf 88' lang='lat' dir='ltr'>ejusdem</span> <span class='ocrx_word' id='word_1_77' title='bbox 1309 1667 1433 1736; x_wconf 92' lang='lat' dir='ltr'>summi</span> <span class='ocrx_word' id='word_1_78' title='bbox 1446 1668 1538 1738; x_wconf 90' lang='lat' dir='ltr'>Pon-</span> 
     </span>
     <span class='ocr_line' id='line_1_12' title="bbox 380 1772 1538 1871; baseline 0.006 -30"><span class='ocrx_word' id='word_1_79' title='bbox 380 1772 482 1843; x_wconf 87' lang='lat' dir='ltr'>tificis</span> <span class='ocrx_word' id='word_1_80' title='bbox 506 1797 596 1844; x_wconf 91' lang='lat' dir='ltr'>anno</span> <span class='ocrx_word' id='word_1_81' title='bbox 621 1776 822 1864; x_wconf 72' lang='lat' dir='ltr'>taratara,</span> <span class='ocrx_word' id='word_1_82' title='bbox 842 1778 969 1847; x_wconf 89' lang='lat' dir='ltr'>Petrus</span> <span class='ocrx_word' id='word_1_83' title='bbox 992 1777 1035 1850; x_wconf 86' lang='lat' dir='ltr'>de</span> <span class='ocrx_word' id='word_1_84' title='bbox 1054 1775 1185 1849; x_wconf 83' lang='lat' dir='ltr'>Crosso</span> <span class='ocrx_word' id='word_1_85' title='bbox 1201 1776 1224 1864; x_wconf 72' lang='lat'>⁴,</span> <span class='ocrx_word' id='word_1_86' title='bbox 1249 1777 1538 1871; x_wconf 83' lang='lat' dir='ltr'>archiepiscopus</span> 
     </span>
     <span class='ocr_line' id='line_1_13' title="bbox 379 1882 1539 1982; baseline 0.004 -28"><span class='ocrx_word' id='word_1_87' title='bbox 379 1882 609 1974; x_wconf 83' lang='lat' dir='ltr'>Arelatensis,</span> <span class='ocrx_word' id='word_1_88' title='bbox 642 1887 792 1959; x_wconf 88' lang='lat' dir='ltr'>innovo</span> <span class='ocrx_word' id='word_1_89' title='bbox 823 1887 1130 1959; x_wconf 81' lang='lat' dir='ltr'>Sancti-Martialis</span> <span class='ocrx_word' id='word_1_90' title='bbox 1162 1882 1311 1982; x_wconf 80' lang='lat' dir='ltr'>collegio</span> <span class='ocrx_word' id='word_1_91' title='bbox 1349 1890 1539 1961; x_wconf 88' lang='lat' dir='ltr'>ecclesiam</span> 
     </span>
     <span class='ocr_line' id='line_1_14' title="bbox 381 1995 1539 2096; baseline 0.005 -30"><span class='ocrx_word' id='word_1_92' title='bbox 381 1995 567 2068; x_wconf 88' lang='lat' dir='ltr'>aedificavit</span> <span class='ocrx_word' id='word_1_93' title='bbox 582 2006 616 2068; x_wconf 91' lang='lat' dir='ltr'>et</span> <span class='ocrx_word' id='word_1_94' title='bbox 633 2007 762 2071; x_wconf 90' lang='lat' dir='ltr'>statuta</span> <span class='ocrx_word' id='word_1_95' title='bbox 782 1998 968 2088; x_wconf 79' lang='lat' dir='ltr'>condidit⁵3</span> <span class='ocrx_word' id='word_1_96' title='bbox 990 2000 1184 2096; x_wconf 88' lang='lat' dir='ltr'>eodemque</span> <span class='ocrx_word' id='word_1_97' title='bbox 1201 2023 1302 2088; x_wconf 88' lang='grc'><strong>3333,</strong></span> <span class='ocrx_word' id='word_1_98' title='bbox 1328 2002 1409 2073; x_wconf 88' lang='lat' dir='ltr'>data</span> <span class='ocrx_word' id='word_1_99' title='bbox 1429 2002 1539 2072; x_wconf 89' lang='lat' dir='ltr'>altera</span> 
     </span>
     <span class='ocr_line' id='line_1_15' title="bbox 379 2107 1556 2204; baseline 0.003 -24"><span class='ocrx_word' id='word_1_100' title='bbox 379 2107 566 2180; x_wconf 83' lang='lat' dir='ltr'>Clementis</span> <span class='ocrx_word' id='word_1_101' title='bbox 591 2111 660 2181; x_wconf 89' lang='lat' dir='ltr'>Vll</span> <span class='ocrx_word' id='word_1_102' title='bbox 687 2111 722 2181; x_wconf 89' lang='lat' dir='ltr'>in</span> <span class='ocrx_word' id='word_1_103' title='bbox 747 2111 1035 2204; x_wconf 88' lang='lat' dir='ltr'>approbationem</span> <span class='ocrx_word' id='word_1_104' title='bbox 1060 2112 1200 2204; x_wconf 78' lang='lat' dir='ltr'>collegii</span> <span class='ocrx_word' id='word_1_105' title='bbox 1225 2112 1329 2199; x_wconf 91' lang='lat' dir='ltr'>bulla,</span> <span class='ocrx_word' id='word_1_106' title='bbox 1364 2111 1556 2184; x_wconf 84' lang='lat' dir='ltr'>concessa</span> 
     </span>
     <span class='ocr_line' id='line_1_16' title="bbox 377 2220 1537 2317; baseline 0.004 -28"><span class='ocrx_word' id='word_1_107' title='bbox 377 2220 444 2291; x_wconf 90' lang='lat' dir='ltr'>tria</span> <span class='ocrx_word' id='word_1_108' title='bbox 470 2221 643 2293; x_wconf 87' lang='lat' dir='ltr'>beneficia</span> <span class='ocrx_word' id='word_1_109' title='bbox 667 2222 724 2293; x_wconf 87' lang='lat' dir='ltr'>vel</span> <span class='ocrx_word' id='word_1_110' title='bbox 757 2251 773 2287; x_wconf 92' lang='lat'>«</span> <span class='ocrx_word' id='word_1_111' title='bbox 791 2221 981 2317; x_wconf 57' lang='lat' dir='ltr'>peroratus</span> <span class='ocrx_word' id='word_1_112' title='bbox 999 2251 1015 2287; x_wconf 85' lang='lat'>›&gt;</span> <span class='ocrx_word' id='word_1_113' title='bbox 1048 2223 1083 2292; x_wconf 93' lang='lat' dir='ltr'>in</span> <span class='ocrx_word' id='word_1_114' title='bbox 1111 2231 1291 2315; x_wconf 87' lang='lat' dir='ltr'>posterum</span> <span class='ocrx_word' id='word_1_115' title='bbox 1318 2224 1537 2294; x_wconf 80' lang='lat' dir='ltr'>studentibus</span> 
     </span>
     <span class='ocr_line' id='line_1_17' title="bbox 377 2332 1537 2428; baseline 0.003 -26"><span class='ocrx_word' id='word_1_116' title='bbox 377 2332 506 2403; x_wconf 89' lang='lat' dir='ltr'>victum</span> <span class='ocrx_word' id='word_1_117' title='bbox 542 2332 889 2428; x_wconf 82' lang='lat' dir='ltr'>suppeditaverunt⁶.</span> <span class='ocrx_word' id='word_1_118' title='bbox 930 2335 1062 2406; x_wconf 89' lang='lat' dir='ltr'>Postea</span> <span class='ocrx_word' id='word_1_119' title='bbox 1092 2334 1250 2405; x_wconf 78' lang='lat' dir='ltr'>loannes</span> <span class='ocrx_word' id='word_1_120' title='bbox 1287 2335 1330 2405; x_wconf 93' lang='lat' dir='ltr'>de</span> <span class='ocrx_word' id='word_1_121' title='bbox 1362 2335 1537 2407; x_wconf 87' lang='lat' dir='ltr'>Broniaco</span> 
     </span>
     <span class='ocr_line' id='line_1_18' title="bbox 379 2443 1537 2538; baseline 0.001 -24"><span class='ocrx_word' id='word_1_122' title='bbox 379 2443 566 2538; x_wconf 83' lang='lat' dir='ltr'>collegium</span> <span class='ocrx_word' id='word_1_123' title='bbox 595 2443 863 2533; x_wconf 84' lang='lat' dir='ltr'>Annessiacum,</span> <span class='ocrx_word' id='word_1_124' title='bbox 900 2453 1022 2516; x_wconf 86' lang='lat' dir='ltr'>sancto</span> <span class='ocrx_word' id='word_1_125' title='bbox 1061 2445 1210 2516; x_wconf 91' lang='lat' dir='ltr'>Nicolao</span> <span class='ocrx_word' id='word_1_126' title='bbox 1246 2445 1409 2533; x_wconf 90' lang='lat' dir='ltr'>dicatum,</span> <span class='ocrx_word' id='word_1_127' title='bbox 1447 2468 1537 2516; x_wconf 89' lang='lat' dir='ltr'>anno</span> 
     </span>
     <span class='ocr_line' id='line_1_19' title="bbox 382 2555 1538 2652; baseline 0.002 -28"><span class='ocrx_word' id='word_1_128' title='bbox 382 2555 474 2624; x_wconf 75' lang='grc'><strong>1121</strong></span> <span class='ocrx_word' id='word_1_129' title='bbox 504 2556 660 2642; x_wconf 85' lang='lat' dir='ltr'>instituit,</span> <span class='ocrx_word' id='word_1_130' title='bbox 692 2557 727 2626; x_wconf 91' lang='grc'>13</span> <span class='ocrx_word' id='word_1_131' title='bbox 756 2579 823 2652; x_wconf 89' lang='lat' dir='ltr'>quo</span> <span class='ocrx_word' id='word_1_132' title='bbox 859 2563 1007 2652; x_wconf 86' lang='lat' dir='ltr'>quatuor</span> <span class='ocrx_word' id='word_1_133' title='bbox 1039 2564 1073 2627; x_wconf 93' lang='lat' dir='ltr'>et</span> <span class='ocrx_word' id='word_1_134' title='bbox 1103 2557 1225 2649; x_wconf 81' lang='lat' dir='ltr'>viginti</span> <span class='ocrx_word' id='word_1_135' title='bbox 1254 2557 1455 2628; x_wconf 88' lang='lat' dir='ltr'>scholastici</span> <span class='ocrx_word' id='word_1_136' title='bbox 1477 2557 1538 2650; x_wconf 87' lang='lat' dir='ltr'>jus</span> 
     </span>
     <span class='ocr_line' id='line_1_20' title="bbox 379 2665 1540 2762; baseline 0.001 -26"><span class='ocrx_word' id='word_1_137' title='bbox 379 2665 478 2737; x_wconf 89' lang='lat' dir='ltr'>civile</span> <span class='ocrx_word' id='word_1_138' title='bbox 513 2676 548 2738; x_wconf 94' lang='lat' dir='ltr'>et</span> <span class='ocrx_word' id='word_1_139' title='bbox 579 2667 785 2738; x_wconf 88' lang='lat' dir='ltr'>canonicum</span> <span class='ocrx_word' id='word_1_140' title='bbox 818 2669 1026 2756; x_wconf 89' lang='lat' dir='ltr'>ediscerent,</span> <span class='ocrx_word' id='word_1_141' title='bbox 1065 2691 1211 2762; x_wconf 91' lang='lat' dir='ltr'>quorum</span> <span class='ocrx_word' id='word_1_142' title='bbox 1237 2676 1316 2739; x_wconf 93' lang='lat' dir='ltr'>octo</span> <span class='ocrx_word' id='word_1_143' title='bbox 1346 2691 1365 2738; x_wconf 92' lang='lat' dir='ltr'>e</span> <span class='ocrx_word' id='word_1_144' title='bbox 1392 2667 1540 2738; x_wconf 89' lang='lat' dir='ltr'>dioecesi</span> 
     </span>
    </p>
   </div>
   <div class='ocr_carea' id='block_1_3' title="bbox 287 2776 1539 3208">
    <p class='ocr_par' dir='ltr' id='par_1_4' title="bbox 287 2776 1539 3208">
     <span class='ocr_line' id='line_1_21' title="bbox 379 2776 1538 2873; baseline 0.001 -26"><span class='ocrx_word' id='word_1_145' title='bbox 379 2776 590 2866; x_wconf 72' lang='lat' dir='ltr'>(lenovensi,</span> <span class='ocrx_word' id='word_1_146' title='bbox 616 2786 695 2849; x_wconf 92' lang='lat' dir='ltr'>octo</span> <span class='ocrx_word' id='word_1_147' title='bbox 712 2801 731 2849; x_wconf 90' lang='lat' dir='ltr'>e</span> <span class='ocrx_word' id='word_1_148' title='bbox 749 2777 935 2850; x_wconf 83' lang='lat' dir='ltr'>Sabaudiae</span> <span class='ocrx_word' id='word_1_149' title='bbox 955 2779 1098 2866; x_wconf 89' lang='lat' dir='ltr'>ducatu,</span> <span class='ocrx_word' id='word_1_150' title='bbox 1129 2787 1209 2850; x_wconf 92' lang='lat' dir='ltr'>octo</span> <span class='ocrx_word' id='word_1_151' title='bbox 1226 2779 1375 2873; x_wconf 90' lang='lat' dir='ltr'>denique</span> <span class='ocrx_word' id='word_1_152' title='bbox 1394 2779 1538 2848; x_wconf 89' lang='lat' dir='ltr'>eVien-</span> 
     </span>
     <span class='ocr_line' id='line_1_22' title="bbox 377 2889 1538 2982; baseline 0 -24"><span class='ocrx_word' id='word_1_153' title='bbox 377 2889 489 2978; x_wconf 87' lang='lat' dir='ltr'>nensi,</span> <span class='ocrx_word' id='word_1_154' title='bbox 509 2890 566 2961; x_wconf 91' lang='lat' dir='ltr'>vel</span> <span class='ocrx_word' id='word_1_155' title='bbox 578 2889 779 2961; x_wconf 81' lang='lat' dir='ltr'>Arelatensi</span> <span class='ocrx_word' id='word_1_156' title='bbox 799 2889 1019 2982; x_wconf 67' lang='grc'><strong>3131133131.</strong></span> <span class='ocrx_word' id='word_1_157' title='bbox 1041 2889 1292 2961; x_wconf 85' lang='lat' dir='ltr'>Constituenda</span> <span class='ocrx_word' id='word_1_158' title='bbox 1312 2890 1538 2982; x_wconf 81' lang='lat' dir='ltr'>collegiorum</span> 
     </span>
     <span class='ocr_line' id='line_1_23' title="bbox 287 2999 1539 3093; baseline 0.002 -25"><span class='ocrx_word' id='word_1_159' title='bbox 287 3012 289 3014; x_wconf 80' lang='grc'><strong>’</strong></span> <span class='ocrx_word' id='word_1_160' title='bbox 378 2999 489 3070; x_wconf 86' lang='lat' dir='ltr'>instar</span> <span class='ocrx_word' id='word_1_161' title='bbox 503 3001 713 3073; x_wconf 89' lang='lat' dir='ltr'>Parisiensis</span> <span class='ocrx_word' id='word_1_162' title='bbox 730 3010 764 3072; x_wconf 94' lang='lat' dir='ltr'>et</span> <span class='ocrx_word' id='word_1_163' title='bbox 778 3001 945 3072; x_wconf 88' lang='lat' dir='ltr'>Tolosani</span> <span class='ocrx_word' id='word_1_164' title='bbox 968 3008 1097 3072; x_wconf 90' lang='lat' dir='ltr'>statuta</span> <span class='ocrx_word' id='word_1_165' title='bbox 1121 3001 1343 3071; x_wconf 85' lang='lat' dir='ltr'>demandavit</span> <span class='ocrx_word' id='word_1_166' title='bbox 1362 3000 1539 3093; x_wconf 91' lang='lat' dir='ltr'>episcopis</span> 
     </span>
     <span class='ocr_line' id='line_1_24' title="bbox 378 3111 1536 3208; baseline -0.003 -25"><span class='ocrx_word' id='word_1_167' title='bbox 378 3112 550 3184; x_wconf 84' lang='lat' dir='ltr'>Massiliae</span> <span class='ocrx_word' id='word_1_168' title='bbox 581 3121 615 3184; x_wconf 92' lang='grc'>31</span> <span class='ocrx_word' id='word_1_169' title='bbox 643 3112 810 3184; x_wconf 89' lang='lat' dir='ltr'>Vasionis</span> <span class='ocrx_word' id='word_1_170' title='bbox 850 3121 953 3208; x_wconf 89' lang='lat' dir='ltr'>atque</span> <span class='ocrx_word' id='word_1_171' title='bbox 990 3111 1220 3182; x_wconf 88' lang='lat' dir='ltr'>Universitati</span> <span class='ocrx_word' id='word_1_172' title='bbox 1258 3111 1536 3183; x_wconf 85' lang='lat' dir='ltr'>Avenionensi⁸.</span> 
     </span>
    </p>
   </div>
   <div class='ocr_carea' id='block_1_4' title="bbox 380 3404 1542 4744">
    <p class='ocr_par' dir='ltr' id='par_1_5' title="bbox 417 3404 1252 3476">
     <span class='ocr_line' id='line_1_25' title="bbox 417 3404 1252 3476; baseline -0.005 -16"><span class='ocrx_word' id='word_1_173' title='bbox 417 3413 441 3462; x_wconf 92' lang='lat'>1.</span> <span class='ocrx_word' id='word_1_174' title='bbox 456 3411 608 3461; x_wconf 74' lang='grc'><strong>1133131133</strong></span> <span class='ocrx_word' id='word_1_175' title='bbox 621 3426 673 3461; x_wconf 81' lang='lat' dir='ltr'>sur</span> <span class='ocrx_word' id='word_1_176' title='bbox 688 3410 790 3462; x_wconf 77' lang='lat' dir='ltr'>t’ttnte.</span> <span class='ocrx_word' id='word_1_177' title='bbox 806 3409 947 3476; x_wconf 71' lang='grc'><strong>11113193..</strong></span> <span class='ocrx_word' id='word_1_178' title='bbox 966 3425 1016 3466; x_wconf 88' lang='lat' dir='ltr'>ms,</span> <span class='ocrx_word' id='word_1_179' title='bbox 1033 3404 1065 3458; x_wconf 76' lang='lat' dir='ltr'>l⁰⁵</span> <span class='ocrx_word' id='word_1_180' title='bbox 1085 3406 1132 3458; x_wconf 83' lang='lat'>137</span> <span class='ocrx_word' id='word_1_181' title='bbox 1148 3413 1175 3460; x_wconf 84' lang='lat' dir='ltr'>et</span> <span class='ocrx_word' id='word_1_182' title='bbox 1194 3406 1252 3458; x_wconf 90' lang='grc'><strong>180.</strong></span> 
     </span>
    </p>

    <p class='ocr_par' dir='ltr' id='par_1_6' title="bbox 380 3485 1542 3887">
     <span class='ocr_line' id='line_1_26' title="bbox 415 3485 1541 3556; baseline -0.007 -11"><span class='ocrx_word' id='word_1_183' title='bbox 415 3495 441 3547; x_wconf 74' lang='lat'>2.</span> <span class='ocrx_word' id='word_1_184' title='bbox 457 3493 642 3556; x_wconf 72' lang='lat' dir='ltr'>«tlemum...,</span> <span class='ocrx_word' id='word_1_185' title='bbox 668 3492 731 3546; x_wconf 87' lang='lat' dir='ltr'>licet</span> <span class='ocrx_word' id='word_1_186' title='bbox 753 3492 865 3554; x_wconf 87' lang='lat' dir='ltr'>addere,</span> <span class='ocrx_word' id='word_1_187' title='bbox 889 3507 944 3546; x_wconf 92' lang='grc'>333</span> <span class='ocrx_word' id='word_1_188' title='bbox 969 3491 1106 3545; x_wconf 89' lang='lat' dir='ltr'>modicum</span> <span class='ocrx_word' id='word_1_189' title='bbox 1129 3488 1208 3544; x_wconf 85' lang='lat' dir='ltr'>t&#39;amae</span> <span class='ocrx_word' id='word_1_190' title='bbox 1230 3489 1434 3543; x_wconf 89' lang='lat' dir='ltr'>incrementum</span> <span class='ocrx_word' id='word_1_191' title='bbox 1459 3485 1541 3554; x_wconf 87' lang='lat' dir='ltr'>adjici</span> 
     </span>
     <span class='ocr_line' id='line_1_27' title="bbox 380 3568 1542 3648; baseline -0.007 -18"><span class='ocrx_word' id='word_1_192' title='bbox 380 3577 531 3633; x_wconf 82' lang='lat' dir='ltr'>Academiae</span> <span class='ocrx_word' id='word_1_193' title='bbox 547 3577 728 3632; x_wconf 84' lang='lat' dir='ltr'>drenioueusi</span> <span class='ocrx_word' id='word_1_194' title='bbox 744 3593 775 3632; x_wconf 88' lang='lat' dir='ltr'>ex</span> <span class='ocrx_word' id='word_1_195' title='bbox 792 3573 950 3630; x_wconf 85' lang='grc'><strong>1331311333</strong></span> <span class='ocrx_word' id='word_1_196' title='bbox 964 3575 1143 3648; x_wconf 83' lang='lat' dir='ltr'>collegiorum</span> <span class='ocrx_word' id='word_1_197' title='bbox 1157 3583 1260 3644; x_wconf 88' lang='lat' dir='ltr'>septem</span> <span class='ocrx_word' id='word_1_198' title='bbox 1273 3588 1322 3642; x_wconf 91' lang='lat' dir='ltr'>pro</span> <span class='ocrx_word' id='word_1_199' title='bbox 1333 3568 1440 3626; x_wconf 87' lang='lat' dir='ltr'>alendis</span> <span class='ocrx_word' id='word_1_200' title='bbox 1456 3571 1542 3624; x_wconf 89' lang='lat' dir='ltr'>alum-</span> 
     </span>
     <span class='ocr_line' id='line_1_28' title="bbox 381 3657 1539 3731; baseline -0.009 -14"><span class='ocrx_word' id='word_1_201' title='bbox 381 3664 423 3717; x_wconf 87' lang='lat' dir='ltr'>nis</span> <span class='ocrx_word' id='word_1_202' title='bbox 434 3662 609 3717; x_wconf 81' lang='lat' dir='ltr'>studentibus</span> <span class='ocrx_word' id='word_1_203' title='bbox 619 3661 646 3714; x_wconf 95' lang='grc'>13</span> <span class='ocrx_word' id='word_1_204' title='bbox 662 3661 840 3717; x_wconf 86' lang='lat' dir='ltr'>Universitate</span> <span class='ocrx_word' id='word_1_205' title='bbox 852 3662 936 3715; x_wconf 82' lang='lat' dir='ltr'>Auen.</span> <span class='ocrx_word' id='word_1_206' title='bbox 947 3678 961 3710; x_wconf 82' lang='grc'>3</span> <span class='ocrx_word' id='word_1_207' title='bbox 981 3659 1163 3731; x_wconf 65' lang='lat' dir='ltr'>(cicerones,</span> <span class='ocrx_word' id='word_1_208' title='bbox 1177 3663 1386 3726; x_wconf 74' lang='lat' dir='ltr'>Frupmentum</span> <span class='ocrx_word' id='word_1_209' title='bbox 1399 3657 1433 3710; x_wconf 87' lang='lat' dir='ltr'>de</span> <span class='ocrx_word' id='word_1_210' title='bbox 1447 3657 1539 3707; x_wconf 82' lang='lat' dir='ltr'>Prtm.</span> 
     </span>
     <span class='ocr_line' id='line_1_29' title="bbox 384 3741 1539 3810; baseline -0.009 -9"><span class='ocrx_word' id='word_1_211' title='bbox 384 3751 464 3802; x_wconf 82' lang='grc'><strong>111113.</strong></span> <span class='ocrx_word' id='word_1_212' title='bbox 487 3753 578 3801; x_wconf 84' lang='lat' dir='ltr'>Auen.</span> <span class='ocrx_word' id='word_1_213' title='bbox 603 3750 752 3806; x_wconf 71' lang='lat' dir='ltr'>erectione,</span> <span class='ocrx_word' id='word_1_214' title='bbox 774 3746 802 3799; x_wconf 95' lang='grc'>13</span> <span class='ocrx_word' id='word_1_215' title='bbox 826 3743 1021 3800; x_wconf 88' lang='lat' dir='ltr'>voluminecui</span> <span class='ocrx_word' id='word_1_216' title='bbox 1043 3743 1159 3798; x_wconf 88' lang='lat' dir='ltr'>titulus:</span> <span class='ocrx_word' id='word_1_217' title='bbox 1187 3745 1268 3796; x_wconf 82' lang='lat' dir='ltr'>Untc.</span> <span class='ocrx_word' id='word_1_218' title='bbox 1286 3741 1429 3810; x_wconf 80' lang='lat' dir='ltr'>d&#39;Aotpn.;</span> <span class='ocrx_word' id='word_1_219' title='bbox 1449 3742 1539 3804; x_wconf 66' lang='lat' dir='ltr'>Hist„</span> 
     </span>
     <span class='ocr_line' id='line_1_30' title="bbox 383 3831 507 3887; baseline 0 -1"><span class='ocrx_word' id='word_1_220' title='bbox 383 3831 406 3886; x_wconf 84' lang='lat' dir='ltr'>s⁰</span> <span class='ocrx_word' id='word_1_221' title='bbox 421 3833 452 3886; x_wconf 84' lang='lat' dir='ltr'>tt</span> <span class='ocrx_word' id='word_1_222' title='bbox 469 3844 507 3887; x_wconf 85' lang='lat' dir='ltr'>v0.</span> 
     </span>
    </p>

    <p class='ocr_par' dir='ltr' id='par_1_7' title="bbox 383 3913 1541 4151">
     <span class='ocr_line' id='line_1_31' title="bbox 419 3913 1541 3978; baseline -0.009 -8"><span class='ocrx_word' id='word_1_223' title='bbox 419 3920 444 3970; x_wconf 91' lang='lat'>3.</span> <span class='ocrx_word' id='word_1_224' title='bbox 461 3917 539 3972; x_wconf 82' lang='grc'><strong>1333</strong></span> <span class='ocrx_word' id='word_1_225' title='bbox 557 3918 619 3970; x_wconf 82' lang='lat' dir='ltr'>tout</span> <span class='ocrx_word' id='word_1_226' title='bbox 641 3915 767 3970; x_wconf 88' lang='lat' dir='ltr'>Claudius</span> <span class='ocrx_word' id='word_1_227' title='bbox 784 3919 913 3968; x_wconf 82' lang='lat' dir='ltr'>Laurent</span> <span class='ocrx_word' id='word_1_228' title='bbox 935 3913 1078 3969; x_wconf 82' lang='lat' dir='ltr'>duodecim</span> <span class='ocrx_word' id='word_1_229' title='bbox 1099 3913 1273 3969; x_wconf 87' lang='lat' dir='ltr'>studentibus</span> <span class='ocrx_word' id='word_1_230' title='bbox 1294 3917 1350 3964; x_wconf 91' lang='lat' dir='ltr'>tres</span> <span class='ocrx_word' id='word_1_231' title='bbox 1365 3916 1475 3978; x_wconf 87' lang='lat' dir='ltr'>sumptu</span> <span class='ocrx_word' id='word_1_232' title='bbox 1491 3921 1541 3960; x_wconf 92' lang='lat' dir='ltr'>suo</span> 
     </span>
     <span class='ocr_line' id='line_1_32' title="bbox 383 3989 1541 4070; baseline -0.01 -14"><span class='ocrx_word' id='word_1_233' title='bbox 383 4001 497 4057; x_wconf 87' lang='lat' dir='ltr'>alendos</span> <span class='ocrx_word' id='word_1_234' title='bbox 514 4001 622 4070; x_wconf 84' lang='lat' dir='ltr'>adjecit.</span> <span class='ocrx_word' id='word_1_235' title='bbox 647 4004 735 4068; x_wconf 86' lang='lat' dir='ltr'>(Htst.</span> <span class='ocrx_word' id='word_1_236' title='bbox 762 4001 810 4054; x_wconf 87' lang='lat' dir='ltr'>des</span> <span class='ocrx_word' id='word_1_237' title='bbox 836 4007 904 4053; x_wconf 85' lang='lat' dir='ltr'>rect.</span> <span class='ocrx_word' id='word_1_238' title='bbox 929 3999 1103 4052; x_wconf 74' lang='lat' dir='ltr'>decertate</span> <span class='ocrx_word' id='word_1_239' title='bbox 1125 3997 1359 4054; x_wconf 79' lang='lat' dir='ltr'>Sciat-Martial,</span> <span class='ocrx_word' id='word_1_240' title='bbox 1376 3989 1541 4064; x_wconf 71' lang='grc'><strong>31911313</strong></span> 
     </span>
     <span class='ocr_line' id='line_1_33' title="bbox 384 4079 1244 4151; baseline -0.007 -12"><span class='ocrx_word' id='word_1_241' title='bbox 384 4085 537 4141; x_wconf 90' lang='lat' dir='ltr'>traduction</span> <span class='ocrx_word' id='word_1_242' title='bbox 552 4081 852 4151; x_wconf 71' lang='grc'><strong>1133331331-91113.</strong></span> <span class='ocrx_word' id='word_1_243' title='bbox 868 4099 901 4136; x_wconf 85' lang='grc'>33</span> <span class='ocrx_word' id='word_1_244' title='bbox 915 4081 1007 4149; x_wconf 72' lang='lat' dir='ltr'>turn,</span> <span class='ocrx_word' id='word_1_245' title='bbox 1024 4089 1043 4136; x_wconf 89' lang='lat' dir='ltr'>t.</span> <span class='ocrx_word' id='word_1_246' title='bbox 1059 4079 1127 4145; x_wconf 78' lang='grc' dir='ltr'>11,1Ο</span> <span class='ocrx_word' id='word_1_247' title='bbox 1142 4083 1191 4134; x_wconf 93' lang='grc'>136</span> <span class='ocrx_word' id='word_1_248' title='bbox 1205 4091 1244 4135; x_wconf 89' lang='lat' dir='ltr'>v0.</span> 
     </span>
    </p>

    <p class='ocr_par' dir='ltr' id='par_1_8' title="bbox 383 4155 1540 4326">
     <span class='ocr_line' id='line_1_34' title="bbox 418 4155 1540 4240; baseline -0.009 -18"><span class='ocrx_word' id='word_1_249' title='bbox 418 4171 445 4223; x_wconf 89' lang='grc'>1.</span> <span class='ocrx_word' id='word_1_250' title='bbox 464 4168 542 4224; x_wconf 84' lang='lat' dir='ltr'>Falso</span> <span class='ocrx_word' id='word_1_251' title='bbox 565 4168 675 4240; x_wconf 89' lang='lat' dir='ltr'>quidam</span> <span class='ocrx_word' id='word_1_252' title='bbox 698 4167 847 4238; x_wconf 86' lang='lat' dir='ltr'>scriptores</span> <span class='ocrx_word' id='word_1_253' title='bbox 868 4165 976 4220; x_wconf 89' lang='lat' dir='ltr'>Petrum</span> <span class='ocrx_word' id='word_1_254' title='bbox 1002 4164 1035 4219; x_wconf 90' lang='lat' dir='ltr'>de</span> <span class='ocrx_word' id='word_1_255' title='bbox 1058 4164 1156 4220; x_wconf 82' lang='lat' dir='ltr'>Grosso</span> <span class='ocrx_word' id='word_1_256' title='bbox 1177 4163 1262 4220; x_wconf 85' lang='lat' dir='ltr'>veluti</span> <span class='ocrx_word' id='word_1_257' title='bbox 1288 4159 1459 4218; x_wconf 88' lang='lat' dir='ltr'>conditorem</span> <span class='ocrx_word' id='word_1_258' title='bbox 1484 4155 1540 4214; x_wconf 89' lang='lat' dir='ltr'>divi</span> 
     </span>
     <span class='ocr_line' id='line_1_35' title="bbox 383 4253 803 4326; baseline -0.01 -16"><span class='ocrx_word' id='word_1_259' title='bbox 383 4253 514 4310; x_wconf 86' lang='lat' dir='ltr'>Martialis</span> <span class='ocrx_word' id='word_1_260' title='bbox 527 4253 634 4326; x_wconf 82' lang='lat' dir='ltr'>collegii</span> <span class='ocrx_word' id='word_1_261' title='bbox 651 4255 803 4308; x_wconf 88' lang='lat' dir='ltr'>nominant.</span> 
     </span>
    </p>

    <p class='ocr_par' dir='ltr' id='par_1_9' title="bbox 418 4337 1505 4401">
     <span class='ocr_line' id='line_1_36' title="bbox 418 4337 1505 4401; baseline -0.012 -8"><span class='ocrx_word' id='word_1_262' title='bbox 418 4341 445 4394; x_wconf 81' lang='lat'>5.</span> <span class='ocrx_word' id='word_1_263' title='bbox 460 4338 543 4394; x_wconf 76' lang='lat' dir='ltr'>Caua.</span> <span class='ocrx_word' id='word_1_264' title='bbox 561 4337 703 4401; x_wconf 79' lang='grc'><strong>3311333,</strong></span> <span class='ocrx_word' id='word_1_265' title='bbox 720 4338 786 4391; x_wconf 83' lang='lat' dir='ltr'>tbtd.</span> <span class='ocrx_word' id='word_1_266' title='bbox 1499 4369 1505 4380; x_wconf 93' lang='lat'><strong><em>.</em></strong></span> 
     </span>
    </p>

    <p class='ocr_par' dir='ltr' id='par_1_10' title="bbox 383 4413 1540 4573">
     <span class='ocr_line' id='line_1_37' title="bbox 418 4413 1540 4487; baseline -0.006 -10"><span class='ocrx_word' id='word_1_267' title='bbox 418 4427 444 4477; x_wconf 87' lang='lat'>6.</span> <span class='ocrx_word' id='word_1_268' title='bbox 461 4424 582 4477; x_wconf 75' lang='grc'><strong>13111.-</strong></span> <span class='ocrx_word' id='word_1_269' title='bbox 595 4425 671 4476; x_wconf 79' lang='lat' dir='ltr'>Htst.</span> <span class='ocrx_word' id='word_1_270' title='bbox 695 4423 743 4476; x_wconf 87' lang='lat' dir='ltr'>des</span> <span class='ocrx_word' id='word_1_271' title='bbox 764 4427 892 4474; x_wconf 83' lang='lat' dir='ltr'>reeteurs</span> <span class='ocrx_word' id='word_1_272' title='bbox 905 4420 1020 4474; x_wconf 75' lang='lat' dir='ltr'>decoll.</span> <span class='ocrx_word' id='word_1_273' title='bbox 1036 4421 1070 4474; x_wconf 85' lang='lat' dir='ltr'>de</span> <span class='ocrx_word' id='word_1_274' title='bbox 1083 4421 1318 4474; x_wconf 76' lang='lat' dir='ltr'>Salat-Martiot.</span> <span class='ocrx_word' id='word_1_275' title='bbox 1334 4447 1366 4458; x_wconf 91' lang='lat'>-</span> <span class='ocrx_word' id='word_1_276' title='bbox 1378 4415 1444 4471; x_wconf 83' lang='lat' dir='ltr'>Tres</span> <span class='ocrx_word' id='word_1_277' title='bbox 1463 4413 1540 4487; x_wconf 87' lang='lat' dir='ltr'>prio-</span> 
     </span>
     <span class='ocr_line' id='line_1_38' title="bbox 383 4502 1157 4573; baseline -0.004 -11"><span class='ocrx_word' id='word_1_278' title='bbox 383 4515 458 4562; x_wconf 88' lang='lat' dir='ltr'>ratus</span> <span class='ocrx_word' id='word_1_279' title='bbox 472 4512 550 4563; x_wconf 89' lang='lat' dir='ltr'>erant</span> <span class='ocrx_word' id='word_1_280' title='bbox 563 4505 582 4559; x_wconf 93' lang='grc'>11</span> <span class='ocrx_word' id='word_1_281' title='bbox 595 4505 716 4560; x_wconf 89' lang='lat' dir='ltr'>locorum</span> <span class='ocrx_word' id='word_1_282' title='bbox 733 4502 883 4573; x_wconf 87' lang='lat' dir='ltr'>Podioleui,</span> <span class='ocrx_word' id='word_1_283' title='bbox 899 4502 1000 4560; x_wconf 86' lang='lat' dir='ltr'>Grisaci</span> <span class='ocrx_word' id='word_1_284' title='bbox 1017 4511 1043 4559; x_wconf 89' lang='grc'>31</span> <span class='ocrx_word' id='word_1_285' title='bbox 1058 4503 1157 4561; x_wconf 80' lang='grc'><strong>113311.</strong></span> 
     </span>
    </p>

    <p class='ocr_par' dir='ltr' id='par_1_11' title="bbox 420 4588 897 4655">
     <span class='ocr_line' id='line_1_39' title="bbox 420 4588 897 4655; baseline -0.006 -9"><span class='ocrx_word' id='word_1_286' title='bbox 420 4591 544 4648; x_wconf 70' lang='grc'><strong>101113.</strong></span> <span class='ocrx_word' id='word_1_287' title='bbox 559 4607 593 4645; x_wconf 85' lang='grc'>33</span> <span class='ocrx_word' id='word_1_288' title='bbox 608 4589 699 4655; x_wconf 63' lang='lat' dir='ltr'>Vtrum,</span> <span class='ocrx_word' id='word_1_289' title='bbox 713 4596 733 4643; x_wconf 88' lang='lat' dir='ltr'>t.</span> <span class='ocrx_word' id='word_1_290' title='bbox 749 4588 781 4655; x_wconf 90' lang='lat'>11,</span> <span class='ocrx_word' id='word_1_291' title='bbox 799 4588 821 4642; x_wconf 84' lang='grc' dir='ltr'>1ο</span> <span class='ocrx_word' id='word_1_292' title='bbox 837 4591 897 4644; x_wconf 86' lang='grc'><strong>138.</strong></span> 
     </span>
    </p>

    <p class='ocr_par' dir='ltr' id='par_1_12' title="bbox 422 4674 786 4744">
     <span class='ocr_line' id='line_1_40' title="bbox 422 4674 786 4744; baseline -0.016 -8"><span class='ocrx_word' id='word_1_293' title='bbox 422 4681 448 4736; x_wconf 88' lang='grc'>8.</span> <span class='ocrx_word' id='word_1_294' title='bbox 464 4676 548 4733; x_wconf 72' lang='lat' dir='ltr'>ctus.</span> <span class='ocrx_word' id='word_1_295' title='bbox 563 4674 703 4744; x_wconf 71' lang='grc'><strong>3311311,</strong></span> <span class='ocrx_word' id='word_1_296' title='bbox 718 4675 786 4730; x_wconf 81' lang='lat' dir='ltr'>ibid.</span> 
     </span>
    </p>
   </div>
   <div class='ocr_carea' id='block_1_5' title="bbox 0 0 1856 5588">
    <p class='ocr_par' dir='ltr' id='par_1_13' title="bbox 0 0 1856 5588">
     <span class='ocr_line' id='line_1_41' title="bbox 0 0 1856 5588; baseline 0 0"><span class='ocrx_word' id='word_1_297' title='bbox 0 0 1856 5588; x_wconf 95' lang='lat' dir='ltr'> </span> 
     </span>
    </p>
   </div>
  </div>
 </body>
</html>
