3676 5592
382 545 420 613 38
722 569 956 614 unrvaasmarrs
977 565 1197 614 nvunronunsrs

382 696 603 780 tempestate,
636 687 877 762 moliebantur.
911 689 1086 785 Namque,
1115 710 1206 760 anno
1233 687 1335 774 1674,
1356 683 1543 758 antediem

381 820 510 870 nonum
530 799 613 871 Kal.
633 801 741 888 Nou,
761 801 892 871 multie
917 801 1136 894 gravissimis
1162 799 1306 886 civibus,
1340 799 1398 895 qui
1412 797 1542 890 gradus

383 910 426 982 ab
455 911 693 983 Universitate
731 913 971 984 Avenionensi
1008 920 1230 1006 acceperant,
1266 919 1480 1003 rogaverunt
1507 918 1544 977 ut

384 1022 609 1094 primicerius
627 1024 917 1116 aggregationem
934 1024 1180 1116 magistrorum
1201 1023 1235 1094 in
1254 1023 1385 1096 artibus
1409 1020 1545 1092 restitui

378 1133 534 1227 juberet.
561 1139 715 1222 Quorum
740 1136 797 1207 ille
826 1145 907 1207 vota
931 1136 1071 1205 minime
1099 1135 1266 1206 dubitavit
1295 1135 1448 1227 explere,
1475 1133 1543 1205 imo

382 1267 458 1316 rem
494 1246 610 1318 statim
643 1248 688 1319 ad
717 1247 903 1340 collegium
930 1247 1113 1318 doctorum
1142 1245 1272 1333 detulit,
1303 1246 1363 1319 ubi
1386 1245 1544 1317 omnibus

382 1356 513 1450 placuit
544 1358 707 1430 renovari
734 1359 1026 1452 aggregationem
1058 1358 1308 1451 magistrorum
1333 1358 1369 1429 in
1398 1357 1542 1429 artibus.

385 1467 472 1539 Octo
499 1469 607 1562 igitur
638 1470 747 1541 electi
772 1479 852 1542 sunt
882 1471 1067 1558 doctores,
1099 1470 1224 1565 quihus
1255 1493 1347 1541 nova
1375 1466 1547 1540 condendi

385 1588 514 1652 statuta
540 1581 657 1653 delata
679 1590 733 1653 est
758 1581 939 1676 provincia
956 1592 979 1652 ¹.
999 1584 1096 1668 Quae,
1123 1605 1229 1678 quum
1251 1581 1445 1674 approbata
1458 1580 1546 1650 luis-

387 1701 475 1779 sent,
497 1692 751 1786 Magistrorum
771 1694 807 1764 in
834 1692 978 1764 Artibus
1008 1693 1229 1786 aggregatio,
1253 1715 1373 1764 ceram
1400 1691 1547 1763 civitatis

384 1801 664 1898 Archiepiscopo
690 1804 938 1876 Universitatis
960 1803 1189 1892 Cancellario,
1216 1803 1492 1898 Primicerioque
1514 1809 1548 1872 et

387 1913 589 1986 doctoribus
609 1916 827 2009 aggregatis,
851 1938 942 1986 anno
961 1915 1064 2001 1675,
1086 1915 1277 1987 antediem
1302 1915 1448 1986 alterum
1471 1914 1548 1984 idus

387 2025 612 2114 Februarias,
632 2028 794 2100 restituta
810 2034 876 2101 est.
891 2029 930 2098 ln
945 2050 1013 2122 qua
1033 2027 1237 2099 caerimonia
1252 2027 1480 2098 concionatus
1496 2033 1549 2097 est

387 2136 546 2208 loannes
571 2137 615 2209 de
635 2139 747 2222 Pont,
773 2138 910 2210 Artium
936 2139 1117 2232 magister,
1143 2139 1201 2234 qui
1228 2138 1336 2209 multa
1363 2139 1407 2209 de
1431 2145 1551 2208 nostra

390 2247 628 2320 Universitate
651 2250 842 2321 celebrauit
866 2260 970 2346 atque
989 2250 1186 2321 illustravit.
1208 2249 1302 2320 Dixit
1318 2249 1410 2320 enim
1424 2272 1502 2320 eam
1516 2249 1551 2318 in

391 2359 1554 2456 principioLegeS,Theologiam,Medicinamatquehrtesexbulla

391 2471 566 2543 Bonifacii
578 2474 664 2544 Vlll
681 2473 1005 2566 comprehendisse,
1027 2473 1227 2566 sedpostea
1244 2483 1340 2544 artes
1351 2473 1553 2566 neglexisse

393 2591 428 2653 et
448 2583 528 2678 quia
545 2583 634 2677 ipsae
661 2584 772 2656 tribus
797 2585 873 2657 aliis
898 2584 1091 2678 disciplinis
1116 2584 1388 2670 continerentur,
1419 2593 1453 2656 et
1476 2583 1556 2678 quia

393 2695 547 2765 nondum
575 2705 696 2768 erecta
726 2696 853 2768 fuisset
890 2696 1123 2790 philosophiae
1166 2696 1351 2784 cathedra3
1379 2695 1554 2766 recentius
1604 2707 1611 2720 ·

393 2814 520 2893 autem,
535 2796 650 2902 quum,
669 2831 760 2880 anno
779 2809 882 2896 1666,
898 2831 920 2879 a
934 2801 1073 2879 domino
1084 2807 1268 2878 Dominico
1285 2806 1328 2877 de
1345 2806 1498 2878 Morinis
1513 2807 1556 2876 ea
1650 2863 1656 2878 .

395 2916 564 2992 cathedra
588 2919 733 2992 fundata
757 2928 855 2991 esset
879 2928 1012 2990 tantum
1038 2919 1250 2990 studentium
1280 2918 1412 2990 factum
1445 2917 1555 2988 fuisse

396 3051 619 3118 concursum,
643 3039 680 3101 ut
702 3031 783 3103 inde
798 3030 935 3102 Artium
959 3030 1151 3102 Facultatis
1168 3039 1272 3126 atque
1291 3028 1556 3123 aggregationis

395 3143 610 3213 renovandae
638 3144 779 3214 occasio
799 3153 940 3237 arrepta
962 3143 1068 3213 fuerit
1085 3153 1109 3213 ².
1135 3142 1193 3213 Sic
1216 3142 1354 3213 Artium
1377 3141 1553 3228 Facultas,

398 3277 477 3348 quae
505 3253 610 3346 paulo
640 3263 720 3325 ante
744 3255 821 3347 jam
849 3263 1050 3342 evanuerat,
1083 3276 1175 3326 nova
1206 3263 1279 3324 tum
1301 3252 1558 3325 restauratione

396 3363 517 3457 viguit,
549 3364 599 3436 ita
627 3374 664 3435 ut
690 3366 832 3460 ancipiti
860 3388 1001 3459 semper
1022 3388 1089 3436 usa
1113 3365 1157 3436 sit
1181 3365 1332 3451 fortuna,
1369 3363 1559 3434 concidens

396 3475 552 3546 vicissim
581 3485 615 3548 et
642 3499 850 3570 resurgens.
887 3477 978 3548 Haec
1013 3477 1116 3564 enim,
1155 3476 1255 3548 annis
1288 3475 1473 3546 duodecim
1503 3474 1560 3544 vix

398 3587 542 3680 elapsis,
575 3611 698 3659 rursus
731 3587 886 3660 defluxit.
923 3589 1059 3682 Quippe
1088 3596 1161 3660 tres
1182 3597 1316 3658 tantum
1340 3586 1553 3672 Facultates,

398 3699 606 3792 Theologiae
634 3699 779 3788 scilicet,
819 3701 966 3793 Legum,
1000 3700 1202 3788 Medicinae,
1231 3721 1321 3771 anno
1357 3697 1459 3785 1688,
1493 3697 1559 3768 deo

399 3809 738 3903 congratulationem
764 3835 828 3904 pro
852 3811 948 3882 felici
973 3811 1240 3904 Philippohurgi
1257 3833 1278 3882 a
1293 3810 1403 3881 Gallis
1424 3830 1559 3902 expug-

307 3927 309 3930 ’
398 3921 539 3992 natione
557 3921 718 3994 fecerunt
732 3921 758 3994 ³.
775 3921 910 3994 Aberat
921 3922 1058 3994 Artium
1072 3922 1250 4010 Facultas,
1265 3921 1364 3992 ande
1381 3919 1558 4014 conjicere

362 4061 363 4064 ¹
398 4040 453 4106 est
474 4055 553 4105 eam
577 4031 682 4106 etiam
708 4041 780 4106 tum
802 4033 959 4106 defuisse
977 4032 1003 4106 ⁴.
1024 4035 1208 4106 Praeterea
1236 4054 1327 4105 auno
1356 4031 1459 4120 1689,
1480 4037 1559 4102 ante

435 4294 459 4345 1.
477 4293 562 4346 Mem.
573 4310 626 4346 ser
639 4295 742 4348 l'Unt‘o.
757 4293 878 4364 d’Aut'p„
893 4289 915 4345 f⁰
933 4295 993 4346 176.

432 4377 459 4431 2.
475 4379 558 4439 ibid„
573 4375 605 4431 f⁰³
621 4379 672 4431 ⁴57
687 4386 714 4434 el
728 4379 788 4432 l77.

433 4463 458 4515 3.
472 4464 556 4522 Ibid„
571 4461 592 4515 l⁰
604 4464 666 4516 207.

432 4547 457 4600 l.
472 4545 529 4600 Non
544 4547 703 4602 nominatur
724 4547 827 4602 Artium
849 4547 973 4602 Facultas
990 4547 1024 4601 ab
1046 4546 1257 4618 archiepiscope
1279 4544 1473 4610 avenionensi,
1499 4543 1557 4614 qui,

393 4647 466 4686 anno
481 4634 561 4702 1683,
577 4631 688 4706 egregia
703 4633 737 4688 de
749 4632 846 4704 peritia
858 4631 1132 4702 jurisconsultorum,
1150 4631 1340 4704 theologorum
1352 4638 1379 4684 et
1390 4627 1555 4684 medicorum

397 4715 628 4776 cremonensium
644 4717 719 4777 dedit
733 4717 897 4779 testimonia.
914 4722 961 4783 (P.
977 4721 1028 4775 ret.
1045 4720 1180 4776 et'Untc.
1198 4718 1319 4789 d’Aetp„
1337 4723 1355 4775 t.
1370 4713 1403 4780 lt,
1418 4711 1439 4766 1ο
1449 4715 1505 4776 tt.)
