3676 5592
418 567 457 630 20
762 571 997 626 uurvtnsrrarrs
1019 569 1239 626 avauroua‘usrs

418 701 589 774 oretrelut
603 697 745 770 oraculo
766 699 879 770 omnis
902 699 978 770 iere
1000 699 1114 792 patria
1137 699 1309 792 penderet
1324 708 1347 768 ¹.
1373 725 1389 761 u
1417 689 1526 783 Idem,
1552 686 1582 767 si

416 812 618 886 Valladerio
638 809 824 897 credimus,
843 810 908 880 fuit
928 818 1116 881 «nontam
1140 809 1246 880 armis
1266 809 1458 879 instructus
1473 831 1581 903 -quam

417 925 602 1010 Palaestra,
633 922 796 1016 idemque
824 922 952 1005 suavis
986 921 1075 992 sicut
1100 921 1174 1008 fuit,
1195 920 1306 991 videri
1323 919 1454 1006 maluit,
1479 942 1582 1014 quam

416 1034 636 1121 reconditus;
655 1033 719 1104 sed
733 1041 850 1103 tamen
867 1033 1038 1104 suavitate
1057 1055 1110 1119 ea,
1132 1055 1201 1127 qua
1218 1025 1288 1103 non
1309 1031 1413 1102 modo
1440 1031 1582 1132 perfun-

415 1148 525 1233 deret,
560 1145 624 1216 sed
652 1143 756 1214 etiam
783 1143 1019 1236 perfringeret
1050 1143 1185 1214 animos
1205 1171 1222 1208 u
1261 1165 1383 1213 eorum
1406 1163 1427 1234 a
1455 1142 1580 1237 quibus

418 1267 515 1330 esset
530 1256 681 1328 auditus.
693 1255 760 1325 His
772 1263 806 1325 et
822 1254 900 1347 ipse
916 1254 1057 1325 dictavit
1071 1254 1179 1325 multa
1200 1253 1385 1346 praeclare,
1410 1276 1488 1348 quae
1504 1248 1581 1346 ipse

332 1453 334 1458 ¹
416 1379 534 1442 tamen
563 1374 820 1461 postmortem
852 1365 1009 1436 comburi
1030 1374 1263 1459 praeceperat,
1293 1364 1329 1434 id
1352 1387 1418 1458 que
1440 1363 1576 1449 fuisset,

416 1481 484 1551 nisi
498 1478 645 1572 carptim
655 1462 739 1548 hinc
754 1476 835 1546 inde
853 1475 964 1568 ipsius
985 1476 1174 1555 auditores,
1200 1498 1270 1546 non
1286 1475 1425 1570 quidem
1441 1463 1582 1546 ordina-

416 1594 488 1678 tim,
524 1613 639 1686 neque
669 1588 966 1681 ingeniosissime,
1013 1588 1114 1683 quasi
1140 1587 1232 1658 illius
1266 1587 1486 1680 posthumae,
1524 1596 1582 1656 aut

356 1733 359 1738 ¹
416 1703 532 1797 potius
545 1703 750 1771 immaturos
768 1699 876 1769 foetus
895 1699 1063 1770 collectos
1080 1698 1497 1792 editosqueservassent.
1514 1725 1530 1761 «
1541 1697 1582 1766 In

418 1837 485 1910 que
508 1813 598 1884 etin
623 1810 839 1882 auditoribus
872 1809 1010 1903 optimis
1039 1809 1192 1880 nobilem
1219 1809 1336 1892 fidem,
1373 1817 1408 1879 et
1441 1817 1580 1901 gratum

416 1925 568 1998 animum
598 1921 715 2008 laudo,
755 1929 790 1991 et
819 1918 1119 1992 A'venionensium
1157 1920 1261 1991 etiam
1302 1919 1396 1990 haud
1431 1920 1582 2012 ingratae

414 2033 595 2108 memoriae
615 2031 918 2124 significationem,
942 2031 1000 2126 qui
1013 2031 1049 2100 in
1065 2030 1269 2126 Gymnasm,
1282 2030 1342 2100 ubi
1359 2031 1436 2122 ipse
1451 2029 1585 2116 floruit,

417 2154 624 2240 suggestum
649 2142 802 2235 eleganti
830 2151 904 2213 arte
931 2151 1226 2236 posueruntcum
1252 2141 1311 2212 illo
1328 2142 1447 2212 dieto:
1473 2139 1582 2211 Sedes

401 2255 558 2334 AEott'h'c‘
602 2253 763 2337 Fcrrcti,
799 2262 834 2324 et
860 2253 918 2324 illo
954 2254 1099 2346 altero:
1133 2252 1350 2348 imperitum
1391 2251 1580 2336 dedecore,

413 2366 574 2465 peritum
591 2387 679 2436 orec
690 2375 715 2434 ².
731 2393 747 2429 u
764 2363 852 2434 Tam
871 2363 1004 2434 clarum
1016 2363 1224 2456 magistrum
1240 2363 1405 2435 audiendi
1422 2362 1583 2456 cupidine
1638 2435 1639 2440 ,
1675 2358 1679 2364 ’

416 2478 635 2552 Avenionem
676 2475 814 2568 egregii
855 2473 1017 2568 discipuli
1048 2498 1087 2546 se
1123 2474 1357 2569 contulerunt.
1399 2474 1584 2546 Venerunt

417 2587 549 2663 Tolosa
586 2587 767 2680 Josephus
808 2586 977 2658 Bellonus
1021 2586 1157 2657 eximiis
1198 2585 1364 2684 operibus
1386 2593 1514 2686 ⁸notus,
1550 2593 1585 2656 et
1620 2599 1622 2604 '

417 2700 591 2774 Antonius
632 2697 841 2785 GoveanuS,
886 2697 1093 2786 Lusitanus,
1133 2697 1218 2769 felix
1244 2697 1351 2770 Rami
1382 2696 1585 2791 philosophi

417 2809 653 2898 adversarius,
674 2809 732 2906 qui
750 2809 827 2903 ipse
843 2818 969 2903 postea
983 2807 1167 2896 Avenione
1183 2809 1348 2881 docuisse
1362 2809 1525 2896 creditur,
1548 2819 1582 2880 et
1647 2875 1648 2880 ,
1749 2867 1753 2873 .
1824 2831 1825 2838 “

417 2922 676 3020 philosophiam
689 2929 793 3018 atque
809 2921 991 2992 historiam
1006 2921 1041 2991 in
1055 2921 1194 3014 legibus
1218 2921 1491 3015 interpretandis
1513 2930 1584 2992 tam

420 3035 598 3130 sagaciter
630 3033 796 3120 adhibuit,
824 3039 861 3103 ut
877 3032 968 3104 inter
993 3055 1128 3120 omnes,
1161 3033 1219 3128 qui
1244 3032 1502 3104 Justinianeum
1523 3031 1585 3126 jus
1695 3117 1700 3126 ι

418 3153 667 3242 exposuerunt,
705 3143 857 3238 palmam
885 3144 989 3215 facile
1019 3144 1177 3215 retulerit
1195 3143 1221 3215 ³.
1252 3145 1305 3215 De
1342 3129 1469 3216 eodem
1501 3143 1584 3214 dixit

419 3257 583 3354 Gujacius
618 3279 658 3328 se
686 3278 707 3327 a
740 3255 879 3349 legibus
913 3278 1025 3349 prope
1058 3255 1170 3326 fuisse
1207 3255 1421 3343 deterritum,
1458 3264 1495 3326 ut
1529 3253 1586 3351 qui

420 3368 580 3442 Goveani
610 3367 751 3439 laudem
786 3389 825 3437 se
856 3389 1009 3462 unquam
1047 3375 1292 3439 assecuturum
1334 3365 1581 3460 desperaret4.

419 3481 562 3554 AEmilio
578 3480 737 3566 Ferret0,
763 3477 966 3550 ann01552
989 3479 1174 3564 exstincte,
1203 3478 1376 3549 successit
1403 3477 1585 3550 Aimonius

421 3594 595 3678 Gravetta,
629 3591 925 3674 Pedemontanus
954 3589 1007 3659 vir
1024 3612 1095 3660 non
1118 3589 1239 3660 minus·
1258 3589 1452 3661 eruditione
1483 3612 1586 3689 quam

422 3725 554 3798 genere
578 3701 733 3780 illustris,
773 3701 831 3796 qui
855 3700 1048 3772 sententias
1075 3699 1208 3772 AEmilii
1234 3696 1382 3787 Ferreti,
1417 3701 1460 3772 ab
1491 3701 1587 3773 audi-

421 3816 555 3889 toribus
573 3835 708 3886 summa
724 3812 951 3884 veneratione
967 3813 1090 3901 cultaS,
1119 3811 1225 3906 paulo
1244 3812 1361 3884 acrius
1379 3811 1586 3908 impugnare

458 4139 483 4188 1.
499 4132 667 4200 cinereus,
684 4133 761 4196 totu,
779 4150 806 4206 p.
826 4133 884 4189 125.
902 4161 937 4176 -
952 4136 987 4189 P.
1007 4137 1059 4190 rel.
1076 4134 1224 4198 tt'Uuic„
1239 4143 1259 4193 t.
1277 4134 1312 4202 t:
1329 4137 1417 4200 Hist„
1435 4131 1523 4194 l⁰51.·
1586 4187 1588 4194 Α

459 4225 484 4272 9.
502 4219 633 4287 Vastan,
650 4220 728 4280 trid,
745 4218 767 4272 l⁰
783 4221 845 4274 254.

457 4306 482 4358 3.
499 4303 668 4373 Cauaseum,
682 4305 760 4365 teau,
776 4321 803 4376 p.
823 4307 884 4360 tas.
897 4333 933 4346 -
948 4305 1047 4376 Btopr.
1065 4303 1143 4373 uuio.
1160 4337 1194 4348 -
1210 4306 1304 4374 Banu,
1317 4307 1394 4363 nter.

457 4390 480 4442 l.
499 4392 596 4458 Btopr.
612 4391 689 4443 onio.
702 4419 737 4428 -
751 4389 862 4446 Ceteros
876 4389 948 4445 inter
968 4387 1056 4444 Emilii
1081 4389 1184 4447 Ferrett
1204 4390 1355 4464 discipulos
1377 4395 1431 4448 duo
1452 4395 1589 4465 praecipue

422 4473 581 4530 nominandi
595 4481 658 4528 sunt
674 4473 839 4529 Philibertus
852 4475 1022 4547 Bugnonius,
1040 4474 1258 4543 liasticouensis,
1277 4477 1373 4532 litteris
1385 4477 1493 4549 clarior,
1508 4493 1589 4550 quam
1816 4445 1825 4768 p

419 4559 496 4628 jure3
514 4559 678 4616 bertrandus
691 4559 812 4625 blancus,
826 4561 905 4630 cujus
919 4561 1004 4616 thesis
1019 4562 1175 4628 doctoralis,
1194 4563 1334 4619 Avenioue
1354 4561 1476 4622 defensa.
1492 4579 1590 4636 magna

422 4660 512 4702 rerum
529 4643 647 4700 novitate
663 4652 689 4699 et
705 4647 840 4702 rationum
856 4645 882 4704 ui
899 4646 1015 4704 maxime
1030 4646 1137 4722 enituit,
1152 4656 1178 4703 et
1191 4645 1286 4705 Petrus
1301 4647 1386 4713 Ricci,
1403 4649 1447 4721 qui
1465 4647 1591 4706 Primice

423 4727 521 4786 riatutn
538 4727 660 4788 obtinuit
673 4743 745 4786 anno
762 4730 841 4787 ⁴554.
