3686 5590
367 551 405 622 70
714 571 948 621 uurvnnsrrurrs
970 573 1188 624 uvnurounusrs

370 693 509 794 quidem
554 691 754 792 aliquandiu
797 695 965 786 clausum,
1000 719 1124 770 rursus
1165 703 1281 770 autem
1311 717 1402 770 anno
1439 693 1527 770 1551

316 803 318 807 ’
370 817 540 903 apertum,
570 808 784 882 Divionense
814 809 963 904 primum
986 810 1115 882 dietum
1144 810 1219 899 fuit,
1251 810 1377 882 deinde
1409 823 1531 882 sancto

367 922 524 1017 Eutropo
548 922 713 995 dicatum.
747 922 800 993 lbi
833 923 1015 994 studentes
1048 924 1161 996 sancti
1187 924 1371 996 Benedicti
1400 923 1531 996 ordinis

369 1035 484 1106 studio
502 1034 696 1106 divinarum
720 1057 838 1105 rerum
863 1043 898 1106 et
923 1036 1146 1108 decretorum
1164 1053 1245 1107 sese
1269 1036 1491 1129 applicabant
1506 1045 1529 1105 ¹.

369 1145 460 1217 Haec
491 1147 608 1218 omnia
641 1145 791 1240 collegia
827 1147 891 1217 suh
922 1146 1061 1240 septimi
1089 1147 1216 1218 decimi
1245 1155 1379 1218 tantum
1411 1144 1533 1217 saeculi

367 1256 473 1330 finem
492 1258 613 1330 clausa
633 1257 785 1345 fuerunt,
809 1265 958 1350 excepto
981 1258 1094 1329 solum
1118 1258 1268 1350 collegio
1294 1257 1528 1344 Annessiaee,

368 1370 462 1465 quod
478 1370 620 1457 tamdiu,
643 1369 742 1441 titulo
764 1369 943 1441 seminarii
956 1379 1072 1463 capte,
1095 1369 1242 1456 duravit,
1266 1369 1429 1465 quamdiu
1445 1368 1533 1439 Uni-

368 1481 532 1552 versitas
552 1480 757 1552 Ceterorum
783 1481 900 1552 lecum
920 1502 1095 1576 excepere
1119 1482 1187 1552 duo
1205 1480 1403 1567 seminaria,
1427 1502 1535 1550 unum

371 1593 484 1664 sancti
501 1591 617 1663 Caroli
632 1589 762 1689 (1702),
783 1593 930 1664 alterum
951 1602 1084 1664 sanetae
1104 1591 1234 1664 Gardae
1249 1593 1379 1663 dictum
1399 1588 1531 1687 (1710);

371 1710 475 1798 atque
489 1727 611 1775 eorum
622 1703 716 1774 bona
730 1704 765 1773 in
782 1703 803 1773 J
807 1703 938 1775 esuitas
954 1704 1080 1776 collata
1098 1711 1188 1792 sunt,
1210 1704 1277 1800 qui,
1293 1704 1369 1798 jam
1384 1703 1427 1774 ah
1444 1725 1534 1773 anno

278 1833 280 1837 ’
375 1814 477 1902 1564,
500 1813 683 1886 Aveniene
699 1815 886 1907 collegium
902 1823 1090 1886 erexerant
1106 1817 1136 1885 ’ζ

418 1925 549 1997 Civitas
577 1926 656 2018 ipsa
684 1925 930 1997 liberalissimo
949 1927 984 1996 in
1011 1926 1285 1998 Universitatem
1311 1925 1424 1996 studio
1454 1946 1530 2009 usa,

370 2037 561 2132 plurimain
577 2060 654 2108 eam
665 2060 730 2130 per
743 2045 922 2108 trecentos
937 2060 1049 2108 anuos
1060 2037 1176 2109 0111013
1190 2037 1345 2109 eontulit.
1355 2037 1529 2130 Namque,

371 2171 462 2219 anno
494 2148 597 2236 1470,
636 2148 671 2218 in
701 2148 901 2219 scholarum
927 2148 1201 2239 aedificationem¹
1227 2157 1262 2219 et
1286 2148 1534 2240 magistrorum

372 2259 624 2351 grammaticae,
663 2259 792 2352 logicae
832 2267 866 2330 et
893 2260 1127 2354 philosophiae
1160 2259 1325 2331 salarium
1351 2258 1535 2352 pecuniam

372 2370 478 2441 edixit
494 2369 519 2440 ³.
536 2369 682 2442 Publice
698 2371 802 2442 etiam
819 2380 959 2465 sumptu
983 2371 1232 2442 celeberrimos
1253 2394 1272 2441 0
1291 2370 1396 2464 variis
1413 2369 1535 2464 regio·

372 2481 473 2554 nibus
490 2481 655 2552 conduxit
668 2481 869 2575 magistros,
887 2483 1183 2578 quorumnomine
1200 2482 1357 2553 studiosa
1367 2481 1534 2575 juventus

371 2591 590 2664 Avenienem
610 2593 821 2664 alliceretur.
848 2593 918 2682 Sic,
950 2595 1168 2682 3111101497,
1195 2594 1355 2687 Hispano
1380 2591 1534 2665 Antonio

374 2701 555 2799 Gemorcy
580 2704 616 2776 in
640 2705 878 2776 Universitate
901 2705 1018 2776 locum
1042 2713 1077 2776 et
1101 2706 1301 2776 mercedem
1326 2727 1371 2776 ex
1392 2704 1534 2797 proprio

375 2839 448 2886 aere
477 2816 588 2904 dedit;
629 2816 679 2888 sic
713 2839 733 2887 a
761 2817 963 2889 Mediolano
998 2817 1124 2888 deinde
1156 2817 1355 2909 Philippum
1388 2816 1536 2886 Decium

376 2950 467 2998 anno
491 2927 594 3016 1515,
622 2928 747 3000 eedem
764 2929 911 3021 praemio
927 2929 1078 3000 vocavit.
1096 2928 1162 3010 Qui
1177 2937 1295 2999 tamen
1318 2926 1536 2998 Avenionem

374 3039 494 3109 venire
510 3062 579 3109 non
600 3061 707 3110 ausus
723 3049 788 3128 est,
806 3040 887 3135 quia
901 3040 1070 3111 Ludovici
1083 3040 1154 3110 ΧΠ
1170 3040 1266 3132 regis
1281 3037 1405 3110 Galliae
1417 3048 1535 3132 partes

377 3150 548 3220 adversus
570 3150 701 3220 lulium
728 3152 761 3221 ll
791 3174 904 3244 nuper
935 3152 1161 3222 sustinuerat.
1192 3151 1328 3221 Deinde
1358 3150 1536 3220 loannes-

375 3260 588 3332 Franciscus
604 3261 698 3354 Ripa
714 3261 956 3350 Sannazarius,
975 3262 1174 3355 PapiensiS,
1193 3261 1385 3332 arcessitus
1399 3260 1539 3353 amplis-

378 3371 500 3444 simam
527 3394 713 3444 aureorum
737 3373 830 3444 mille
859 3374 1070 3460 mercedem,
1101 3396 1191 3444 anno
1222 3372 1326 3460 1518,
1358 3369 1536 3464 accepit⁴.

375 3483 566 3556 Andraeam
579 3493 696 3555 tamen
710 3483 884 3555 Aleiatum
895 3507 1081 3556 aureorum
1096 3492 1342 3554 sexcentorum
1355 3483 1540 3576 praemium

378 3617 449 3665 non
483 3591 640 3665 detinere
677 3595 800 3688 potuit.
847 3595 977 3666 Civitas
1015 3617 1099 3666 vere
1140 3593 1320 3664 AEmilium
1356 3594 1540 3664 Ferretum

381 3715 559 3776 scutorum
594 3707 639 3776 ad
667 3707 778 3777 solem
805 3706 899 3776 mille
931 3715 965 3777 et
997 3707 1227 3777 ducentorum
1259 3705 1541 3776 remuneratione

380 3840 492 3912 usque
527 3817 572 3888 ad
604 3840 804 3910 supremum
838 3818 931 3888 diem
959 3817 1025 3888 sihi
1058 3814 1296 3888 conciliavit⁵.
1333 3814 1541 3887 Successori

380 3927 458 4021 ejus
475 3928 636 3999 Aimonio
655 3925 964 4025 013101130(1552)
981 3936 1016 3999 01
1033 3928 1158 3999 deinde
1173 3927 1312 4020 Angele
1330 3927 1441 4020 Papio
1453 3926 1541 3997 Italo

381 4036 500 4137 (1554)
512 4047 632 4111 scutos
646 4039 740 4111 mille
757 4040 951 4133 assignavit
966 4038 991 4130 ⁶;
1013 4048 1152 4111 centum
1167 4062 1250 4111 1010
1269 4046 1402 4111 tantum
1422 4047 1542 4109 scutos

419 4244 443 4296 1.
460 4240 543 4297 Ceus.
559 4259 593 4297 nn
605 4242 698 4311 Vnum,
714 4244 791 4304 ibid,
808 4241 830 4296 1ο
844 4243 903 4296 141.

420 4335 445 4383 9.
460 4329 550 4392 Brun,
571 4331 658 4389 Dtet„
680 4337 700 4382 t.
717 4327 750 4391 11,
764 4344 792 4398 p.
807 4329 870 4382 158.
893 4356 926 4368 -
949 4326 1096 4391 Νοετ110.,
1117 4330 1194 4381 Hist.
1212 4328 1246 4381 de
1262 4330 1361 4386 Pron„
1384 4342 1412 4397 p.
1431 4327 1492 4378 800.
1510 4353 1544 4365 -

381 4415 492 4472 lesuitae
511 4412 545 4468 ab
560 4412 627 4467 urbe
642 4412 827 4468 discesserunt
841 4427 914 4468 anuo
930 4415 998 4466 1768
1014 4412 1112 4485 (lustin
1128 4411 1241 4482 Beuum,
1258 4412 1337 4470 tete..
1354 4417 1373 4463 t.
1389 4409 1410 4478 l,
1424 4427 1454 4481 p.
1470 4409 1542 4478 203).

418 4501 445 4554 3.
459 4499 673 4552 Deliberatt'ons
686 4499 725 4552 du
740 4499 855 4551 Conseil
870 4498 904 4551 de
918 4500 994 4552 cille.
1399 4503 1401 4507 '

419 4584 446 4638 1.
462 4582 631 4651 cinerem,
644 4582 722 4642 tutu„
738 4597 764 4652 p.
783 4583 843 4649 122,
861 4582 922 4641 123,

421 4671 447 4722 5.
465 4667 550 4732 retu,
565 4683 593 4736 p.
611 4667 673 4721 ras.

422 4752 547 4812 01111..
562 4767 590 4826 p.
608 4752 667 4809 126.
