3686 5590
402 539 441 602 6‘2
696 569 700 577 ·
749 539 985 601 uurvsnsrrnrrs
1007 535 1227 601 nv'nmonnnsrs'

401 674 565 746 Fratrum
582 671 770 760 Minorem,
802 671 919 767 ibique
945 672 1148 743 solemniter
1172 671 1297 743 doctor
1321 669 1565 764 inauguratus,

402 806 531 879 magna
560 805 640 855 cum
667 805 808 878 pompa,
837 783 1054 877 praecinente
1080 782 1261 854 tibicinum
1285 782 1399 870 turba,
1428 782 1571 854 domum

401 896 650 969 reducebatur.
674 894 850 967 Postridie
866 896 1058 989 conspicuo
1077 895 1113 964 in
1131 917 1222 990 equo
1240 917 1305 988 per
1319 903 1429 966 totam
1444 895 1570 966 urbem

401 1005 649 1102 triumphalem
676 1006 711 1076 in
743 1029 878 1078 morem
914 1006 1114 1102 equitando,
1149 1005 1301 1077 maximo
1333 1014 1506 1100 apparatu
1534 1014 1570 1077 et

403 1119 569 1192 comitatu
596 1117 791 1190 honorifico
819 1117 1163 1206 circumducebatur;
1186 1117 1441 1210 gratulationes
1463 1125 1569 1212 atque

403 1229 564 1304 convivia
579 1228 783 1301 celebrabat
798 1257 815 1294 n
835 1239 856 1300 ¹.
882 1228 1038 1322 Septimo
1055 1238 1171 1300 autern
1189 1228 1326 1300 decimo
1343 1228 1490 1316 saeculo,
1511 1227 1570 1324 qui

402 1343 560 1416 lauream
578 1339 794 1428 doctoralem
819 1338 1019 1427 affectabat,
1046 1346 1286 1433 promotorem
1306 1339 1458 1434 primum
1478 1339 1571 1410 inter

405 1452 613 1546 collegiatos
629 1451 793 1544 eligebat,
811 1473 831 1522 a
846 1474 913 1546 quo
926 1451 1085 1522 doctoris
1105 1435 1284 1522 birretum
1298 1450 1462 1544 accipere
1476 1450 1572 1522 vole-

404 1566 464 1638 bat
480 1575 503 1635 ².
524 1562 660 1634 Deinde
675 1561 993 1655 Archiepiscopum
1004 1560 1302 1650 Avenionensem,
1321 1561 1571 1633 Universitatis

404 1674 671 1760 Cancellarium,
698 1673 953 1762 Primicerium,
977 1682 1187 1768 ceterosque
1205 1673 1400 1766 Magistros
1418 1671 1566 1760 visebat,

404 1789 527 1884 eisque
539 1786 645 1858 dabat
654 1785 804 1880 pyxides
818 1784 943 1878 plenas
955 1784 1151 1880 amygdalis
1164 1785 1336 1856 saecbaro
1352 1784 1568 1856 circumlitis.

404 1901 469 1973 Die
491 1899 584 1970 dicta
600 1897 636 1967 in
659 1925 675 1962 o
683 1903 909 1992 punctorum
928 1895 1208 1990 ossiprmtioaem
1220 1924 1255 1980 »,
1282 1903 1431 1992 quatuor
1450 1896 1571 1989 legum

403 2009 608 2106 regentibus
624 2007 681 2080 vel
694 2007 958 2102 professoribus
972 2007 1168 2095 comitatus,
1187 2007 1430 2079 Primicerium
1445 2030 1569 2078 rursus

404 2123 533 2210 adibat,
569 2141 684 2216 aquo
719 2117 770 2189 sic
802 2118 1113 2211 interrogabatur:
1155 2147 1171 2184 «
1190 2118 1246 2191 Es
1268 2141 1313 2189 me
1339 2115 1571 2190 Ootbolious?

403 2233 528 2310 Hebes
546 2254 591 2302 oe
608 2229 743 2302 libros?
756 2228 811 2300 Es
833 2252 878 2299 ree
901 2229 1065 2324 legitimis
1081 2229 1296 2325 perentibus
1312 2229 1440 2301 ortus?
1456 2229 1572 2301 Esne

405 2342 655 2421 orthodoxus?
670 2370 686 2407 n
710 2341 842 2428 Quibus
857 2340 935 2434 ipse
950 2341 1201 2434 respondebat:
1225 2341 1316 2413 «Ito
1330 2370 1364 2412 ».
1381 2341 1511 2412 Testes
1527 2363 1572 2412 ex

405 2456 585 2534 sodalibus
610 2454 678 2526 duo
707 2452 906 2525 studentem
931 2451 1063 2524 dixisse
1087 2476 1210 2524 verum
1234 2453 1456 2526 asserebant.
1488 2454 1571 2547 lpse

404 2569 531 2646 deinde
568 2595 585 2633 o
601 2573 744 2664 puncto
760 2593 776 2630 n
804 2563 815 2602 ³
853 2565 1040 2661 quaesitum
1066 2565 1140 2636 ibat
1174 2566 1268 2660 apud
1294 2565 1568 2654 Cancellarium

405 2705 498 2784 quea,
537 2689 724 2776 postquam
758 2676 961 2749 doctoribus
995 2677 1231 2767 distribuerat,
1270 2679 1314 2750 de
1347 2677 1506 2750 doctrina
1538 2687 1573 2749 et

404 2793 569 2870 facundia
600 2788 893 2886 periclitationem
917 2788 1039 2860 inibat.
1070 2791 1265 2886 Postquam
1292 2789 1420 2861 thesim
1447 2789 1571 2860 defen-

404 2909 515 2996 derat,
545 2903 576 2976 si
599 2902 727 2996 dignus
746 2901 843 2972 visus
869 2909 955 2989 erat,
988 2901 1047 2996 qui
1071 2901 1116 2973 ad
1139 2902 1360 2974 doctoratum
1381 2923 1571 2996 promove-

404 3027 511 3106 retur,
536 3015 581 3088 ad
602 3013 858 3088 Cancellarium
880 3012 1131 3102 deducebatur,
1154 3013 1255 3106 cujus
1280 3013 1326 3085 ad
1348 3035 1466 3106 genua
1487 3035 1572 3106 pro-

405 3129 575 3204 cumbens
607 3125 713 3197 fidem
748 3125 865 3219 palam
892 3123 1109 3196 declarabat.
1136 3124 1229 3196 Huic
1260 3124 1398 3213 deinde,
1433 3123 1464 3196 si
1493 3123 1572 3217 regi

405 3241 530 3314 Galliae
560 3237 720 3310 subditus
752 3244 838 3325 erat,
871 3236 1098 3308 Primicerius
1131 3237 1306 3310 dicebat:
1340 3235 1574 3308 «Promittis

404 3351 618 3450 fidelitatem
654 3345 961 3421 Christicolasque
1002 3348 1236 3421 Francorum
1272 3349 1377 3444 rapi?
1407 3381 1424 3418 n
1461 3355 1576 3436 Quum

406 3463 639 3560 responderat
670 3484 678 3533 :
721 3489 738 3526 α
766 3459 948 3532 Promitte
980 3490 1012 3549 »,
1044 3462 1161 3534 scriba
1186 3461 1459 3560 Arcbicpiscopi
1490 3493 1575 3564 pro-

406 3576 533 3650 motori
565 3573 769 3646 laerdtatem
806 3571 912 3643 dabat
951 3573 1170 3645 concedendi
1204 3575 1395 3647 doctoralis
1437 3578 1572 3666 biretti,

408 3688 549 3788 quoda
579 3684 718 3758 badello
751 3684 857 3778 capiti
887 3685 1063 3757 candidati
1087 3686 1346 3780 imponebatur.
1379 3691 1469 3762 Tum
1496 3694 1574 3788 ipse

407 3798 571 3872 veniebat
595 3796 640 3868 ad
657 3803 795 3889 portam
818 3796 1031 3867 Domnensis
1050 3798 1215 3870 ecclesiae
1231 3806 1336 3895 atque
1353 3801 1403 3874 ibi
1420 3826 1573 3900 exspec-

407 3911 504 3984 tabat
523 3905 767 3982 Primicerium
783 3916 819 3978 et
843 3917 982 3980 eeteros
1002 3909 1179 4000 doctores,
1201 3912 1339 4008 quibus,
1362 3939 1468 4010 quurn
1488 3940 1573 4011 gra-

407 4023 474 4096 tias
491 4021 636 4116 egisset,
656 4019 797 4092 domum
820 4021 937 4092 statim
956 4022 1210 4113 revertebatur,
1235 4025 1481 4101 comitantibus
1496 4030 1574 4101 tibi·

408 4136 486 4209 cine
502 4143 537 4206 et
556 4133 694 4205 badello
707 4155 863 4204 massam
876 4142 1035 4226 gerente,
1051 4135 1109 4232 qui
1121 4159 1213 4209 novo
1229 4137 1365 4211 doctori
1373 4139 1450 4236 jam
1470 4143 1576 4215 stanti

407 4248 443 4320 in
457 4246 576 4319 limine
591 4244 902 4338 congratulabatur
916 4244 943 4318 ⁴.

446 4455 471 4506 l.
487 4449 614 4517 Vincam,
630 4451 698 4506 tbtd.
731 4495 734 4502 .

444 4539 471 4593 ἱ.
488 4539 573 4592 Μόνη.
589 4554 643 4590 sur
655 4538 758 4591 l'Unio.
774 4537 917 4609 d'Aoipn..
932 4537 954 4593 l⁰
971 4542 1019 4594 172
1035 4558 1085 4598 ms.

446 4625 472 4679 t.
490 4621 544 4680 lloe
557 4620 641 4678 verbo
653 4620 842 4696 signiticantur
855 4640 898 4680 res
911 4625 946 4681 ad
958 4628 1154 4699 disputandum
1171 4633 1333 4708 proposita.

447 4710 472 4772 l.
490 4712 525 4766 P.
546 4711 599 4764 rel.
615 4711 633 4767 u
650 4709 753 4766 l'Unio.
765 4709 909 4782 danique
924 4719 944 4768 t.
962 4712 984 4784 l,
1001 4731 1028 4790 p.
1044 4720 1170 4776 adt-272.
