3676 5592
359 611 362 622 ·
410 575 447 656 ll
755 605 990 660 nurvnasmarts
1013 593 1232 657 lvhmoumsrs
1269 621 1272 632 ·

385 730 496 812 .Jesn
537 727 787 822 discipulorum
823 753 1007 803 numerum
1043 740 1079 804 et
1113 731 1308 803 litterarum
1347 721 1571 824 splendorem

410 840 557 934 egregia
587 840 770 935 disciplina
801 843 926 913 mirum
955 845 991 914 in
1018 844 1159 916 modum
1188 843 1329 915 auxisse
1358 853 1382 913 ¹.
1412 842 1570 936 Optimos

409 952 502 1023 enim
530 963 612 1023 tunc
639 952 795 1024 habuere
828 955 1065 1048 professores,
1099 954 1291 1026 Antonium
1321 953 1565 1041 Passerinum,

407 1063 648 1150 Mantuanum,
681 1071 859 1134 oratorum
888 1065 1188 1152 dissertissimum,
1219 1065 1463 1160 Joannemque
1490 1063 1572 1134 Bel-

408 1197 544 1245 mesum
571 1173 819 1263 Gabalensem,
853 1176 942 1247 duos
972 1200 1110 1273 quoque
1137 1177 1265 1248 fratres
1296 1175 1511 1247 Ludovicum
1537 1184 1572 1244 et

408 1285 605 1356 Gerardnm
624 1284 841 1358 Gerardinos
859 1287 1090 1376 Leodienses‚
1115 1297 1218 1384 atque
1236 1287 1426 1358 Antonium
1449 1286 1570 1356 More-

405 1396 477 1466 lum
507 1397 696 1484 Rutenum,
727 1419 849 1468 omnes
883 1397 1023 1492 collegii
1050 1400 1252 1470 conditores
1269 1409 1293 1469 ².
1321 1398 1570 1469 Horum‘vero

406 1507 498 1578 inter
530 1530 760 1584 successores
795 1510 997 1582 nominandi
1033 1519 1113 1582 sunt
1143 1509 1317 1581 Antonius
1344 1508 1569 1580 Columbatus

407 1629 511 1714 atque
533 1618 696 1690 Andreas
714 1619 949 1709 Valladerius,
979 1645 1126 1718 quorum
1145 1621 1363 1708 Peireshius,
1389 1620 1570 1714 utriusque

407 1730 578 1816 alumnus,
603 1752 673 1801 non
693 1731 887 1802 doctrinam
905 1733 1021 1820 modo,
1046 1733 1109 1804 sed
1127 1733 1334 1826 prudentem
1356 1730 1568 1823 diligentiam

408 1841 643 1935 solertemque
660 1857 780 1914 curam
794 1842 961 1914 laudabat
976 1843 1001 1915 ³.
1019 1845 1072 1915 De
1087 1842 1240 1914 Antonio
1256 1835 1461 1928 Columbatq
1478 1841 1572 1934 ejus-

408 1974 475 2047 que
500 1951 639 2044 scriptis
662 1951 747 2021 nihil
764 1951 878 2023 adhuc
898 1953 1070 2041 novimus,
1099 1952 1162 2024 sed
1179 1953 1373 2024 Valladerii
1391 1951 1570 2022 orationes

407 2061 536 2132 latinos
566 2061 662 2133 circa
696 2062 919 2157 antiquitates
952 2063 1222 2136 Avenionenses
1251 2063 1499 2157 pervolvimus,
1536 2071 1571 2132 et

405 2174 517 2244 virum
534 2173 642 2244 ¹latini
664 2174 837 2244 sermonis
862 2175 1113 2268 peritissimum
1136 2185 1243 2271 atque
1265 2175 1301 2245 in
1324 2175 1432 2246 rebus
1458 2173 1570 2244 histo-

405 2285 489 2356 ricis
510 2284 751 2355 doctissimum
769 2285 990 2378 agnovimus.
1015 2287 1103 2380 Ejus
1121 2287 1197 2358 fere
1223 2285 1375 2382 aequalis,
1394 2285 1570 2356 Henricns

404 2395 495 2468 Albi
518 2395 788 2467 Avenionenses
815 2397 953 2487 Patres,
983 2421 1074 2470 anno
1105 2398 1207 2485 1606,
1238 2398 1332 2487 adiit,
1364 2396 1459 2490 apud
1483 2419 1571 2492 quos

405 2507 682 2602 grammaticam,
725 2507 949 2597 rhetoricam,
990 2510 1250 2604 philosophiam
1283 2517 1317 2581 et
1356 2508 1572 2602 theologiam

403 2631 591 2716 postquam
609 2619 738 2708 docuit,
769 2620 910 2714 collegii
926 2622 1064 2694 Rector
1080 2622 1158 2716 ipse
1181 2622 1297 2694 factus
1317 2629 1382 2709 est,
1410 2621 1463 2690 vir
1485 2643 1571 2692 sane
1670 2671 1672 2678 ι

403 2731 498 2804 haud
513 2731 708 2818 illiteratus,
734 2731 792 2826 qui
808 2732 917 2803 multa
944 2732 1051 2804 edidit
1076 2755 1197 2826 opera,
1226 2733 1318 2804 inter
1345 2754 1423 2827 quae
1448 2730 1572 2802 lauda-

403 2846 519 2916 tiones
546 2841 602 2914 vel
628 2842 744 2937 potins
773 2843 940 2915 historias
979 2845 1208 2917 cardinalium
1247 2843 1569 2915 animadvertimus.

404 2956 560 3028 Eximius
573 2954 638 3025 fnit
655 2955 760 3025 etiam
773 2953 947 3026 Antonius
971 2957 1159 3028 Michaelis
1181 2955 1370 3027 rhetoricae
1394 2977 1436 3026 ac
1457 2954 1572 3048 philo-

406 3068 541 3162 sophiae
553 3066 748 3161 professor,
767 3066 825 3161 qui
839 3067 1023 3160 plurimam
1040 3091 1179 3164 quoque
1195 3066 1407 3163 eloquentiae
1422 3066 1570 3163 gloriam

403 3180 532 3252 retulit.
553 3178 619 3250 His
637 3178 674 3248 in
692 3177 852 3250 docendo
868 3179 1141 3274 aequiparandus
1156 3188 1210 3250 est
1227 3180 1355 3268 Petrus
1370 3177 1570 3248 Lndovicus

405 3292 448 3362 dc
467 3288 652 3372 Comeret,
672 3289 764 3384 quie
781 3290 863 3378 vita,
882 3313 973 3362 anno
994 3291 1096 3379 1693,
1120 3291 1304 3363 Avenione
1320 3290 1476 3362 decessit
1493 3287 1519 3359 ⁴.

452 3402 671 3476 Nobilissimi
688 3402 794 3473 etiam
818 3425 860 3474 eo
884 3413 1043 3497 tempore
1068 3404 1246 3476 informati
1265 3412 1344 3474 sunt
1365 3425 1386 3475 a
1405 3403 1570 3474 Patribus

405 3515 584 3588 societatis
599 3514 620 3584 J
625 3536 688 3584 esu
705 3514 867 3607 discipuli
880 3515 906 3585 ⁵.
926 3515 1081 3597 Quorum
1098 3516 1221 3587 forsan
1237 3515 1488 3587 celeberrimus
1507 3515 1572 3586 fnit

405 3627 622 3713 Peireshius,
646 3625 704 3721 qni
717 3648 782 3719 per
802 3626 1075 3722 quinquennium
1101 3628 1194 3722 apud
1212 3650 1275 3700 eos
1298 3627 1424 3698 litteris
1441 3627 1571 3698 studuit

407 3735 656 3836 (roeo-1595).
680 3736 863 3809 Avenione
889 3761 1028 3836 quoqne
1056 3739 1212 3810 eruditus
1237 3749 1291 3810 est
1318 3739 1476 3810 loannes
1502 3736 1571 3810 Co-

407 3849 529 3933 lumbi,
550 3849 729 3943 opusculis
746 3849 925 3921 historicis
939 3851 991 3920 vir
1006 3851 1225 3922 notissimus
1243 3851 1295 3921 Ea
1310 3850 1460 3945 deniqne
1477 3850 1571 3922 fama

404 3961 634 4033 Universitati
661 3969 794 4032 nostrae
827 3984 872 4032 ex
905 3985 1015 4056 opera
1046 3963 1201 4050 Patrum,
1250 3961 1398 4055 septimo
1433 3962 1570 4032 decimo

404 4075 546 4146 ineunte
570 4073 716 4162 saecule,
735 4073 943 4168 contigerat,
967 4083 1005 4173 ut
1019 4075 1040 4145 J
1044 4097 1159 4146 canna
1177 4074 1338 4162 Morella,
1368 4073 1573 4154 doctissima

444 4369 467 4428 l.
486 4368 596 4439 Pennis,
613 4369 679 4433 tutat,
694 4402 729 4413 -
743 4366 874 4438 Vtinam,
892 4367 961 4427 tort:

441 4462 467 4513 ἲ.
485 4458 628 4522 Nostana,
646 4460 725 4520 totu,
746 4475 773 4529 p.
789 4459 852 4512 800.

441 4550 466 4599 3·.
483 4549 625 4609 Gassuum,
642 4547 709 4598 Vita
724 4546 879 4600 Peireslet'i.
895 4574 928 4584 —
949 4543 1037 4607 Bait,
1055 4545 1129 4597 Dict.

443 4635 469 4684 4.
492 4630 579 4696 Banu,
597 4632 671 4684 Dict.

443 4721 469 4770 ὅ.
486 4713 625 4772 Nescimus
640 4731 673 4770 au
691 4715 827 4772 Honorius
842 4713 984 4771 llenrious.
1000 4714 1044 4785 qui
1063 4716 1260 4770 commentaria
1275 4711 1309 4768 de
1328 4709 1401 4770 hello
1415 4710 1487 4769 cirili
1507 4704 1574 4765 reli*

406 4804 476 4880 quit,
492 4819 506 4857 a
520 4801 629 4858 lesuitis
644 4803 776 4858 educatus
791 4801 883 4857 luerit.
900 4801 1002 4876 (Banu,
1016 4801 1096 4872 tttd.)
