3676 5592
334 493 420 558 ‘26
569 500 574 508 '
726 517 961 564 uurvsnsirsms
982 514 1202 564 nvsutoususrs

382 633 460 727 ejus
481 637 678 731 exemplum
703 638 815 710 secuti
836 631 925 724 sunt,
945 637 994 710 ita
1012 645 1049 708 ut
1065 635 1286 709 Universitas
1304 643 1425 708 nostra
1441 657 1545 730 paene

382 745 584 838 conciderit,
605 759 792 846 antequam
808 751 948 822 omnino
965 751 1210 843 abrogaretur.

430 860 612 933 Avenione
627 862 733 955 igitur
749 863 867 956 Leges
882 884 1059 958 nunquam
1074 862 1116 933 ab
1133 860 1371 933 Universitate
1391 860 1541 947 condita,

241 971 244 978 '
309 961 311 965 ’
382 971 450 1042 nisi
482 972 581 1044 brevi
611 973 714 1044 trium
753 997 923 1046 annorum
955 973 1149 1061 intervallo,
1191 972 1302 1044 edisci
1337 979 1542 1062 cessarunt3

382 1105 497 1179 neque
512 1084 582 1156 ulla
599 1084 668 1157 alia
682 1085 861 1174 Facultas,
878 1095 937 1158 aut
948 1085 1075 1157 diutius
1086 1084 1207 1178 viguit,
1224 1093 1283 1156 aut
1296 1093 1413 1156 tantos
1426 1083 1548 1156 habuit

382 1196 571 1289 magistros
588 1219 629 1269 ac
652 1197 857 1290 discipulos.
878 1198 931 1269 Ea
953 1197 1046 1269 enim
1063 1219 1128 1290 per
1144 1205 1255 1267 totum
1272 1203 1432 1291 quartum
1450 1195 1547 1266 deci-

381 1330 476 1376 mum
492 1307 662 1379 saeculum
679 1316 714 1378 et
726 1331 790 1401 per
807 1309 961 1402 priorem
978 1307 1087 1404 quinti
1105 1307 1232 1378 decimi
1253 1317 1390 1400 partem
1412 1307 1541 1394 floruit,

382 1428 417 1490 et
448 1418 663 1489 clarissimos
692 1419 885 1492 vicinarum
917 1421 1104 1512 regionum
1139 1419 1304 1490 doctores
1341 1419 1542 1506 arcessivit;

382 1529 494 1602 altera
512 1530 621 1626 quinti
645 1530 772 1601 decimi
792 1531 914 1602 saeculi
937 1540 1037 1624 parte
1064 1538 1160 1602 retro
1187 1529 1299 1614 relata
1326 1538 1391 1617 est,
1423 1552 1546 1600 rursus

380 1662 447 1732 per
472 1648 583 1713 totum
611 1649 750 1714 sextum
777 1641 951 1717 decimum
982 1650 1016 1713 et
1045 1642 1218 1737 majorem
1249 1641 1388 1734 septimi
1420 1640 1546 1711 decimi

380 1758 518 1844 partem
533 1751 731 1845 splendere,
756 1761 791 1824 et
814 1752 1041 1824 nobilissimis
1064 1752 1245 1845 magistris
1266 1751 1443 1826 extraneis
1461 1774 1548 1846 gau-

383 1861 467 1932 dere
487 1885 557 1933 non
575 1863 751 1952 desuevit;
781 1863 932 1960 denique
952 1873 1076 1935 octavo
1099 1863 1237 1934 decimo
1261 1872 1402 1934 tantum·
1414 1863 1546 1934 saeculo

384 1973 524 2062 corruit,
548 1973 703 2068 egregiis
720 1975 985 2070 professoribus
1005 1983 1039 2048 ct
1057 1975 1209 2071 pristina
1224 1974 1327 2046 simul
1343 1975 1447 2046 laude
1464 1975 1546 2046 des-

381 2085 494 2156 tituta.
665 2093 668 2098 '
1548 2091 1550 2097 ‘

847 2769 1005 2844 CAPUT
1032 2773 1083 2844 ΙΙΙ

682 3093 715 3132 DE
733 3091 851 3132 LITTERIS
869 3094 902 3132 ET
921 3093 954 3132 DE
973 3091 1123 3132 naculum
1142 3092 1243 3132 aarum

429 3372 562 3454 Quarto
592 3379 674 3464 post
701 3370 921 3442 millesimum
953 3393 975 3442 a
1002 3371 1141 3443 Christo
1176 3393 1307 3442 annum
1342 3372 1474 3443 saeculo
1513 3381 1548 3444 et

333 3467 336 3474 ’
385 3483 626 3578 superioribus
664 3483 768 3554 etiam
805 3483 1033 3576 temporibus,
1078 3481 1347 3554 Avenionenses
1386 3483 1576 3576 profecto·

382 3595 507 3666 litteris
533 3595 729 3682 studebant,
764 3594 921 3690 quamvis
948 3593 1086 3665 Artium
1113 3595 1291 3680 Facultas,
1323 3594 1417 3666 bulla
1442 3595 1548 3666 Boni-

383 3707 466 3779 lacii
482 3707 578 3776 VIII·
589 3706 692 3793 edita,
719 3707 782 3778 sed
797 3706 892 3778 inani
906 3714 1040 3778 tantum
1057 3707 1224 3778 decorata
1245 3705 1355 3794 titulo,
1386 3706 1505 3777 sileret
1522 3717 1545 3776 ¹.

383 3819 459 3902 Quo
473 3827 632 3910 tempore
650 3816 756 3888 fuerit
777 3817 895 3910 reipsa
912 3817 1080 3903 instituta,
1103 3817 1282 3888 nescimus
1301 3839 1308 3886 :
1327 3816 1404 3910 jam
1419 3817 1549 3888 dudum

342 3951 344 3956 ·
385 3938 505 4001 creata
535 3928 689 4000 fortasse
718 3929 782 3999 fuit
819 3937 1007 4024 antequam
1039 3927 1197 3999 Achates
1229 3929 1375 4020 Longus
1406 3924 1546 4024 (Lamp),

383 4041 616 4112 humanarum
630 4040 755 4112 artium
778 4039 1013 4133 peritissimus
1038 4039 1216 4132 magister,
1238 4038 1421 4109 Avenione
1444 4039 1549 4108 fuerit

385 4152 659 4247 grammaticam,
674 4151 887 4224 rhetoricam
900 4161 935 4224 et
949 4151 1087 4246 poesim
1103 4162 1113 4188 ²
1129 4151 1314 4246 professus
1331 4172 1422 4222 anno
1441 4150 1543 4238 1491,

425 4413 449 4462 l.
464 4411 565 4462 Pie'ces
579 4411 665 4464 relat.
682 4412 701 4462 ὰ
717 4409 821 4462 l’Unio.
836 4408 980 4477 d’Aetpn„
997 4414 1017 4461 t.
1034 4405 1079 4471 lv,
1094 4405 1144 4460 l⁰2
1161 4413 1198 4462 v⁰.

422 4493 449 4547 2.
476 4491 598 4548 Latinam
620 4491 801 4564 intelligimus
825 4491 941 4562 poesim,
969 4506 1088 4563 namque
1110 4489 1287 4560 Prouincialis
1304 4490 1359 4558 Jam
1384 4487 1550 4560 aprincipio

388 4577 477 4650 quinti
488 4577 587 4634 decimi
595 4577 699 4643 saculi,
712 4579 735 4636 si
745 4575 924 4637 Nostradamo
936 4575 1085 4643 credimus,
1095 4577 1214 4648 perierat
1223 4576 1344 4647 (Nesis,
1361 4577 1439 4635 ibid,
1456 4591 1482 4645 p.
1500 4577 1550 4628 547

389 4671 415 4720 et
429 4665 503 4732 aaa).
532 4731 535 4748 ·
