3686 5590
424 568 462 646 ‘bl
770 583 1006 645 nuntiamus
1027 585 1249 644 nv'bmonnrtsrs

422 720 471 792 At
489 719 589 792 brevi
611 728 703 814 post,
726 740 823 792 anno¹
845 717 949 799 1409,
970 716 1172 788 Rodericus
1188 718 1232 790 de
1251 719 1351 792 Luna
1366 713 1591 794 avenionem

424 833 522 904 sibus
541 831 655 902 minus
674 829 856 902 confidens
879 851 983 924 quam
1002 836 1160 922 patruus,
1184 829 1357 934 Palatium
1371 839 1585 928 turremque,

425 967 494 1041 qua
510 966 601 1039 pons
622 941 887 1028 defendebatur,
915 949 950 1010 et
967 939 1151 1010 castellum
1166 941 1417 1034 vicegerentiae
1435 966 1591 1038 occupa-

423 1058 471 1127 vit
488 1065 593 1151 atque
615 1053 760 1124 munivit
774 1063 798 1123 ¹.
821 1053 856 1122 Is
877 1051 969 1122 enim
990 1051 1225 1123 subodoratus
1241 1062 1318 1124 erat
1334 1077 1446 1125 novos
1463 1077 1591 1126 sensus

424 1168 585 1254 civitatis
616 1187 695 1262 quae
721 1165 848 1235 iterum
869 1162 961 1233 malo
991 1184 1078 1254 erga
1094 1162 1334 1234 'Benedictum
1355 1165 1446 1236 XIII
1474 1167 1591 1237 animo

423 1287 510 1367 erat,
545 1301 591 1349 ex
624 1298 692 1372 quo
727 1276 863 1346 viderat
886 1295 907 1344 a
933 1295 1021 1366 rege
1048 1273 1173 1344 Galliae
1202 1275 1437 1347 obedientiam
1464 1277 1592 1348 iterum

423 1399 600 1483 negatam,
637 1398 671 1458 et
703 1383 1043 1480 pseudopontificem
1068 1385 1104 1454 in
1126 1386 1286 1456 coneilio
1317 1387 1471 1486 Pisano,
1494 1396 1592 1480 post-

423 1525 527 1598 quam
549 1499 752 1571 Alexander
766 1499 799 1569 V
813 1497 948 1568 electus
962 1495 1037 1584 fuit,
1066 1495 1279 1585 damnatum,
1306 1499 1454 1592 turpiter
1472 1498 1593 1592 dejec-

422 1621 495 1682 tum
515 1635 534 1682 e
556 1610 798 1704 pontificatu¹.
823 1610 945 1703 Itaque
970 1607 1093 1678 urbem
1118 1617 1156 1678 ut
1184 1617 1326 1697 terreat,
1352 1610 1591 1682 nobdissimos

421 1723 609 1796 duodecim
633 1722 729 1793 cives
760 1721 805 1792 ad
832 1719 1030 1791 convivium
1052 1719 1185 1808 invitat,
1219 1743 1319 1816 quos
1347 1721 1429 1791 dum
1454 1745 1590 1793 mensae

422 1835 643 1921 accumbunt,
657 1832 778 1926 arripit
794 1831 875 1902 etin
890 1830 1029 1900 vincula
1044 1831 1209 1924 conjicit:
1224 1855 1348 1902 eorum
1361 1842 1434 1904 tres
1450 1833 1592 1905 circiter

369 1953 373 1962 ⁴
421 1957 481 2020 aut
507 1946 629 2018 morbo
656 1943 770 2030 fracti,
803 1951 863 2014 aut
891 1941 1100 2034 strangulati
1125 1943 1266 2036 periere
1298 1967 1305 2014 :
1335 1967 1414 2040 quae
1442 1944 1591 2038 perfidia

421 2058 565 2131 alterius
590 2054 807 2128 schismatici
828 2053 911 2123 belli
936 2051 1120 2124 Avenione
1150 2054 1244 2125 dedit
1267 2055 1407 2148 signum
1430 2054 1587 2153 (1410)³.

418 2169 559 2242 Auxilia
607 2175 777 2239 vocantur
815 2165 858 2236 ab
894 2164 1214 2253 Avenionensibus
1264 2177 1433 2259 parantur
1474 2190 1583 2255 arma,

419 2289 594 2354 tormenta
605 2279 835 2365 adducuntur,
852 2275 1029 2347 Gardinali
1039 2275 1180 2364 Tureio,
1196 2276 1391 2348 Alexandri
1405 2279 1438 2349 V
1451 2278 1582 2372 legate,

419 2403 532 2489 portae
547 2391 761 2486 aperiuntur,
779 2388 982 2460 Rodericus
993 2387 1029 2457 in
1039 2387 1169 2482 palatio
1186 2388 1380 2460 obsidetur.
1395 2390 1587 2464 Senatores

420 2505 528 2591 urbis,
562 2525 710 2600 quorum
733 2501 769 2571 in
790 2522 936 2571 numero
955 2500 1117 2594 inscripti
1132 2509 1233 2572 erant
1254 2501 1420 2573 doctores
1433 2502 1587 2574 Univer-

421 2617 544 2703 sitatIs,
576 2615 812 2710 nequidquam
839 2612 1000 2706 praelium
1033 2634 1157 2683 arcere
1182 2623 1335 2702 tentant3
1365 2615 1587 2710 Universitas

419 2738 494 2802 tota
509 2750 591 2800 sese
605 2728 641 2797 in
659 2749 814 2820 pugnam
831 2725 983 2817 accingit
994 2721 1020 2794 ⁴.
1038 2723 1130 2796 Ante
1146 2725 1239 2796 diem
1256 2727 1587 2798 tertiumdecimum

419 2841 503 2914 Kal.
521 2841 606 2911 Iun.
628 2861 719 2912 anno
739 2838 842 2925 1410,
863 2836 1049 2908 concilium
1072 2837 1221 2908 civitatis
1237 2838 1331 2930 apud
1344 2838 1586 2932 professorem

418 2952 610 3026 Antonium
626 2951 796 3022 Vironem
818 2958 1044 3037 convocatur,
1067 2958 1105 3019 ut
1119 2949 1163 3020 de
1177 2949 1270 3020 bello
1289 2951 1448 3042 gerendo
1471 2953 1587 3046 provi-

420 3067 514 3138 deat.
532 3065 624 3136 Huic
642 3062 886 3144 deliberationi
901 3062 1048 3132 aderant
1064 3062 1211 3133 Pontius
1229 3063 1449 3158 Trenquerii,
1468 3065 1589 3158 legum

420 3177 554 3264 doctor,
589 3176 718 3246 Petrus
751 3174 795 3246 de
822 3172 1098 3261 Sancta-Cruce,
1142 3195 1318 3261 assessor,
1356 3174 1589 3269 Raymundus

420 3288 640 3384 Trenquerii,
659 3285 834 3358 Antonius
851 3285 1008 3357 Tomasii
1030 3294 1065 3356 et
1082 3285 1252 3356 Foresius
1272 3285 1399 3374 Ninus,
1418 3279 1588 3385 licentiati

420 3400 456 3472 in
471 3400 623 3492 legibue,
644 3407 679 3470 et
693 3397 854 3469 dominus
874 3397 1014 3468 demum
1036 3397 1254 3470 Bertrandus
1270 3397 1314 3469 de
1337 3399 1461 3487 Vinea,
1476 3401 1590 3493 juris-

419 3512 571 3606 peritus;
588 3511 657 3583 duo
669 3518 786 3582 autem
797 3509 962 3580 doctores
979 3519 1014 3579 et
1028 3509 1284 3581 baccalaureus
1301 3525 1390 3581 unus
1402 3511 1458 3581 vel
1473 3513 1588 3585 studio

421 3647 510 3717 erga
522 3623 764 3710 Benedictum,
788 3622 845 3694 vel
867 3621 1082 3692 necessitate
1107 3614 1223 3717 aliqua
1240 3623 1377 3700 remoti.
1399 3623 1546 3696 aberant
1561 3625 1587 3696 ⁵.

421 3737 523 3829 Ergo
534 3735 569 3805 in
586 3735 646 3806 illa
666 3734 897 3806 celeberrima
914 3733 1109 3819 obsidione,
1130 3733 1166 3803 in
1187 3757 1256 3829 qua
1274 3757 1340 3828 par
1361 3735 1425 3806 fuit
1442 3745 1477 3807 et
1492 3737 1590 3808 obsi-

421 3848 576 3919 dentium
600 3857 635 3919 et
661 3847 891 3918 obsessorum
918 3846 1038 3934 virtus,
1076 3846 1299 3918 Universitas
1328 3848 1590 3924 Avenionensis

420 3969 541 4056 partes
558 3959 707 4031 civitatis
726 3967 849 4030 secuta
863 3968 928 4046 est,
951 3967 986 4028 et
1000 3981 1219 4053 magnopere
1237 3961 1370 4054 profuit
1390 3963 1590 4056 exprdsioni

420 4071 601 4160 Roderici,
624 4071 839 4168 quitandem
860 4071 904 4141 de
929 4093 1011 4142 aree
1033 4071 1214 4144 reddenda
1241 4074 1462 4147 conditiones
1485 4077 1590 4148 subiit

422 4185 610 4257 antediem
631 4184 854 4255 undecimum
871 4183 955 4254 Kal.
973 4184 1135 4257 decemb.
1159 4209 1251 4260 anno
1270 4190 1358 4260 1411
1379 4189 1405 4262 ⁸.

460 4373 484 4430 t.
501 4373 635 4439 Fouutur,
652 4375 731 4434 ibid..
750 4393 776 4446 p.
791 4378 853 4442 683.
867 4403 902 4416 -·
916 4374 1051 4446 Vincam,
1066 4377 1133 4433 ibid.

457 4466 484 4516 1.
503 4461 632 4527 Vannio,
649 4461 727 4521 tbc'd,
745 4460 766 4513 10
780 4464 843 4514 417.
858 4492 891 4501 -
907 4461 1042 4516 fortunar.
1058 4464 1137 4525 ibid,
1155 4472 1175 4521 t.
1192 4465 1213 4532 l,
1229 4465 1251 4520 1ο
1265 4467 1329 4524 685.

458 4551 484 4602 3.
499 4544 614 4600 Vannio.
631 4557 657 4601 et
673 4544 806 4608 fornicor,
824 4547 891 4600 totu.
909 4575 940 4584 -
954 4547 1035 4601 Cuuu,
1053 4548 1143 4614 Vsum,
1160 4559 1179 4604 t.
1199 4551 1244 4620 III,
1261 4549 1283 4605 1·
1303 4555 1388 4610 test:

457 4637 484 4688 4.
501 4633 618 4686 Votuin.
632 4642 659 4686 ct
675 4631 810 4693 Fouutnr,
827 4634 894 4686 toto.
914 4663 946 4672 -
964 4633 1096 4700 t'nussou,
1112 4637 1191 4697 toto„
1209 4647 1229 4692 t.
1246 4638 1287 4710 IV,
1304 4640 1326 4694 1ο
1343 4647 1390 4696 atr
1409 4651 1448 4698 v0.

460 4725 485 4776 5.
501 4718 626 4777 Faurour.
642 4726 660 4772 t.
679 4716 698 4782 l,
714 4734 741 4789 p.
753 4719 814 4772 1115.
836 4745 866 4759 -·
878 4716 960 4772 Cano.
978 4717 1069 4783 Vnst..
1086 4730 1104 4776 ι.
1123 4720 1168 4785 1111
1187 4724 1207 4775 1ο
1222 4725 1273 4779 199
1286 4739 1328 4784 vt.

459 4811 485 4868 o.
503 4804 638 4870 recursi,
654 4804 732 4868 tote,
746 4801 769 4863 1ο
784 4805 845 4860 701.
862 4833 895 4847 -
910 4803 995 4862 Caua.
1013 4803 1105 4872 Ictu,
1121 4814 1140 4865 t.
1158 4804 1200 4878 IV,
1216 4807 1279 4870 19.
