3686 5590
661 553 823 606 nrsronr'cn
845 515 1059 607 nnnuaaurrcs
1402 536 1439 602 99

276 671 405 748 tionem
417 674 525 748 Pater
535 675 681 749 Borbot
691 677 851 772 judicem
868 679 1067 775 appellavit,
1089 688 1216 750 utrem
1233 678 1446 772 produceret

277 795 380 883 atque
404 789 555 860 docendi
569 812 708 878 munus,
731 790 838 862 invito
862 792 941 886 ipso
965 790 1185 878 Primicerio,
1211 789 1443 862 continuaret.

278 902 418 972 Interea
445 900 646 972 scholarum
677 900 777 973 seriae
802 903 1059 996 praeterierant,
1094 910 1129 973 et
1158 926 1263 998 quum
1285 902 1446 995 magistri

278 1010 482 1083 cathedram
500 1020 713 1106 repeterent,
736 1013 771 1084 iu
794 1037 858 1086 sua
874 1037 913 1087 se
927 1013 1219 1107 triumphaturum
1237 1013 1445 1106 Theologiae

277 1123 462 1216 professor
486 1131 702 1217 speraverat,
731 1148 930 1222 quanquam
952 1126 988 1196 in
1007 1124 1134 1197 libellis
1156 1147 1277 1196 rerum
1293 1147 1336 1196 eo
1355 1147 1446 1197 anno

277 1233 517 1305 docendarum
541 1258 669 1307 nomen
696 1259 798 1308 suum
822 1260 893 1308 non
920 1237 1068 1308 viderat.
1095 1236 1199 1308 Hanc
1226 1236 1258 1307 ei
1286 1236 1449 1330 praecidit

279 1367 379 1438 spem
399 1345 638 1435 Primicerius,
664 1347 722 1442 qui
738 1348 974 1442 philosophiae
999 1347 1208 1420 auditorium
1233 1347 1349 1419 valida
1367 1370 1448 1419 sera

277 1456 404 1528 muniri
427 1467 622 1545 curaverat,
653 1459 754 1553 cujus
778 1460 856 1555 ipse
879 1461 1014 1532 clavem
1040 1459 1230 1531 detinebat.
1251 1459 1327 1542 Qua
1346 1459 1447 1530 dere

277 1568 429 1644 monitus
459 1570 568 1640 Pater
596 1570 743 1642 Borbot
771 1571 981 1644 auditorium
1012 1571 1221 1664 Theologiae
1250 1571 1444 1664 usurpavit.

279 1678 349 1750 Sed
376 1680 616 1768 Primicerius,
636 1689 734 1754 tanta
764 1683 986 1755 contumacia
1009 1691 1043 1754 et
1061 1683 1163 1779 quasi
1186 1682 1379 1754 rebellione
1403 1682 1448 1754 ad

279 1790 508 1883 Prolegatum
548 1791 675 1882 delata,
722 1795 865 1867 Patrem
903 1817 922 1866 e
961 1794 1084 1865 schola
1119 1793 1298 1888 expellere
1340 1793 1449 1864 etium

278 1925 390 1973 11111311
414 1911 562 1973 armatu
584 1903 755 1976 decrevit.
781 1906 902 1978 Vetuit
925 1905 1032 1999 igitur
1050 1905 1263 1998 Prolegatus
1280 1927 1325 1977 ne
1341 1906 1449 1977 Pater

279 2013 424 2084 Burbat
452 2014 630 2109 quodlibet
658 2017 814 2089 doctoris
843 2017 997 2088 officium
1028 2025 1226 2089 exerceret.
1257 2015 1448 2109 Prolegato

280 2135 409 2213 tamen,
432 2125 631 2198 adhortanti
647 2137 684 2198 ut
704 2129 747 2200 ab
770 2129 934 2223 opinione
953 2127 1153 2217 desisteret,
1176 2128 1368 2200 obsecutus
1393 2137 1448 2199 est

281 2237 389 2308 Pater
405 2236 564 2321 Burbot,
585 2239 643 2334 qui
661 2240 948 2313 retractationem
969 2239 1061 2312 inter
1084 2263 1123 2312 se
1152 2247 1187 2312 et
1205 2239 1448 2312 Primicerium

282 2357 456 2436 statutam,
482 2358 562 2420 ante
587 2350 679 2422 diem
705 2361 842 2424 sextum
859 2352 942 2425 Kal.
961 2351 1137 2425 Novemb.
1154 2351 1190 2422 in
1208 2351 1349 2445 pubhco
1365 2351 1448 2424 doc-

280 2470 394 2532 torum
410 2483 594 2551 consessu,
613 2462 669 2534 his
687 2464 804 2536 verbis
818 2463 903 2536 fecit
920 2488 928 2536 :
947 2494 964 2530 «
979 2463 1125 2536 Memini
1140 2485 1196 2535 me
1208 2463 1264 2535 die
1281 2464 1339 2535 18ι
1352 2485 1450 2537 men-.
1468 2557 1473 2564 .

282 2602 298 2638 »
331 2573 380 2644 sis
406 2573 577 2666 praeteriti
605 2574 736 2647 dixisse
767 2575 1166 2648 excommunicationem
1192 2584 1392 2648 contentam
1412 2576 1448 2647 in

283 2714 300 2750 »
329 2683 454 2754 litteris
486 2682 580 2774 SSffl,
618 2710 696 2782 quae
728 2686 898 2783 incipiunt
932 2711 939 2759 :
970 2685 1176 2759 Posterolc's
1208 2685 1333 2782 officii,
1367 2710 1448 2760 esse

283 2826 299 2863 1)
332 2795 445 2868 solum
465 2797 779 2872 comminatoriam.
804 2799 852 2872 At
870 2799 929 2872 ubi
945 2797 1070 2895 paucis
1091 2797 1134 2870 ab
1152 2797 1350 2872 hisdiebus
1370 2821 1450 2872 sen-

284 2938 300 2974 »
332 2907 476 2980 tentiam
515 2908 583 2981 hac
622 2909 659 2982 in
691 2933 730 2984 re
766 2911 915 3001 mutavi,
960 2920 995 2984 et
1032 2909 1229 3006 oppositam
1263 2910 1449 3005 professus

283 3052 300 3089 »
332 3045 410 3094 sum
450 3032 573 3094 contra
608 3022 847 3096 detrectantes
882 3047 921 3096 se
965 3023 1170 3096 submittere
1211 3023 1449 3096 constitutioni

283 3164 300 3201 »
335 3133 569 3229 Unigenitum
603 3135 654 3206 sic
684 3144 719 3208 et
746 3159 838 3208 nunc
864 3135 1033 3232 profiteor
1059 3135 1185 3206 iterum
1216 3158 1272 3207 me
1300 3136 1447 3208 credere

283 3276 299 3312 »
330 3245 535 3340 praedictam
556 3249 953 3322 excommunicationem
978 3247 1080 3319 iniis
1104 3246 1229 3318 litteris
1248 3256 1447 3320 contentam

284 3387 300 3423 »
332 3379 414 3428 esse
436 3378 568 3446 veram,
598 3358 731 3430 realem
762 3368 797 3431 et
824 3359 1033 3448 effectivam,
1055 3380 1126 3430 non
1157 3366 1274 3430 autem
1303 3358 1448 3430 commi-

285 3499 301 3535 »
331 3468 504 3541 natoriam
523 3468 659 3560 solum;
677 3469 792 3543 fateor
814 3472 919 3544 etiam
937 3493 993 3543 me
1020 3469 1221 3542 existimare
1245 3477 1280 3541 et
1302 3471 1448 3543 credere

286 3611 302 3647 »
332 3579 454 3652 Bullas
466 3601 681 3653 summorum
693 3583 904 3656 Pontificum
915 3605 985 3654 non
995 3581 1151 3677 pendere
1161 3580 1197 3651 in
1211 3581 1265 3652 sui
1275 3579 1395 3653 valore
1407 3582 1449 3654 ab

287 3723 303 3761 u
336 3693 578 3787 acceptatione
597 3703 632 3765 et
646 3693 810 3768 mandato
830 3695 1079 3790 episcoporum
1100 3715 1107 3764 :
1132 3715 1211 3788 quae
1234 3693 1350 3764 omnia
1371 3715 1451 3767 mea

289 3837 304 3874 »
337 3813 472 3901 sponte,
499 3826 649 3901 meaque
665 3805 837 3879 electione
854 3807 968 3879 libens
983 3804 1165 3901 profiteor.
1181 3834 1197 3869 »
1218 3802 1292 3892 Cui,
1307 3813 1450 3878 senten-

288 3917 370 3992 tiam
396 3917 445 3989 ita
466 3917 682 4007 retractanti,
706 3919 934 3991 Primicerius
952 3916 1159 4012 respondit:
1183 3945 1199 3980 «
1219 3915 1451 3989 Decernimus

290 4061 306 4096 »
333 4040 449 4103 actum
477 4029 520 4100 de
548 4037 608 4100 tua
624 4031 888 4103 retractatione.
916 4059 933 4097 »
963 4027 1020 4118 At,
1049 4049 1155 4125 quum
1178 4027 1287 4099 Pater
1308 4027 1454 4100 Burbot

289 4141 510 4215 addidisset:
537 4169 554 4207 «
570 4140 653 4214 Non
679 4140 875 4215 obediendo
903 4140 1047 4215 decreto
1073 4137 1214 4211 Domini
1241 4136 1449 4229 Primicerii‚

290 4284 306 4319 »
339 4254 403 4326 sed
416 4253 451 4324 in
468 4253 617 4346 gratiam
637 4252 722 4326 Ex¹¹¹¹
738 4255 878 4326 Domini
901 4251 1083 4346 Prolegati
1099 4251 1180 4322 haec
1198 4251 1316 4340 dixi»,
1338 4251 1454 4323 statim

290 4365 507 4453 exclamavit,
539 4387 773 4458 magnacum
801 4366 1053 4460 indignatione,
1082 4362 1344 4435 Primicerius:
1377 4363 1456 4435 «Et

291 4505 308 4545 »
340 4497 408 4571 ego
435 4475 576 4570 impono
592 4475 654 4548 tibi
673 4475 848 4550 silentium
871 4507 906 4550 u.
926 4475 1052 4550 Tacuit
1068 4495 1154 4569 ergo
1173 4471 1287 4546 victus
1301 4472 1456 4546 Theolo-

291 4589 361 4684 giae
379 4588 573 4686 professor,
603 4589 766 4688 omnique
790 4589 950 4687 magistri
972 4584 1089 4662 officio
1115 4585 1294 4660 abstinuit.
1314 4585 1458 4682 Magnis

294 4711 409 4782 autom
435 4698 598 4777 laudibus
628 4701 827 4778 cumulatus
865 4710 920 4778 est
956 4697 1196 4792 Primicerius,
1231 4695 1288 4797 qui
1325 4705 1458 4778 sancta
