3676 5592
654 529 817 595 lirsrdat'o'r
839 527 1052 595 1001111111ιό.
1398 513 1431 592 dl

268 667 437 760 gruentes
467 665 534 738 sibi
559 665 690 738 deferri
713 675 838 740 auctor
861 668 927 740 fuit
953 691 961 741 :
990 667 1092 762 eujus
1120 666 1258 740 consilii
1279 666 1440 760 collegas

151 769 154 784 ’
269 800 353 866 suos
371 777 564 873 participes
586 778 708 850 habuit
732 787 837 874 atque
852 779 1024 866 fautores.
1047 773 1211 875 Namque
1231 800 1323 850 anno
1346 776 1439 850 1633

269 889 426 962 decanus
454 898 490 961 et
511 887 672 983 magistri
693 889 729 961 in
747 891 945 985 Theologia
977 913 998 962 a
1025 889 1232 963 Primicerio
1262 889 1439 984 petierunt

199 991 202 1000 ’
268 1008 373 1096 atque
396 1001 682 1095 impetraverunt,
710 1009 748 1072 ut
772 1002 928 1075 decanus
947 1003 991 1074 ab
1010 1001 1098 1096 ipsis
1127 1001 1261 1074 electus
1286 1030 1303 1068 «
1328 1001 1439 1072 11000-

267 1111 370 1184 rario
389 1111 509 1206 aliquo
528 1120 716 1184 stemmate
729 1112 969 1208 insigniretur
986 1143 1021 1186 a.
1050 1113 1186 1186 Deinde
1208 1141 1224 1179 u
1235 1111 1440 1209 postholati-

270 1221 351 1296 deut
374 1247 420 1296 ex
443 1225 522 1300 albo
546 1225 661 1296 serico
679 1232 822 1318 gestare
840 1225 933 1296 laeva
957 1247 1063 1298 manu
1086 1224 1194 1318 coepit
1214 1225 1382 1312 decanus,
1402 1233 1440 1294 ut

275 1363 292 1401 «
319 1334 365 1406 ab
378 1334 541 1407 omuibus
552 1337 767 1432 praecellere
783 1343 920 1432 eeteros
945 1335 1219 1432 dignosceretur
1244 1345 1311 1406 ¹».

317 1446 503 1540 Vigesimo
521 1447 632 1520 altero
655 1469 747 1520 anno
770 1455 852 1542 post
874 1445 1005 1546 (1655),
1036 1446 1245 1541 Theologiae
1268 1445 1440 1518 docendae

271 1580 409 1646 munus
431 1580 499 1654 quo
515 1558 672 1630 decanus
688 1557 959 1658 adhuofunctus
975 1565 1061 1646 erat,
1081 1557 1251 1652 peculiari
1269 1557 1441 1629 creditum

273 1677 328 1742 est
343 1669 552 1762 professori,
573 1669 630 1741 cui
644 1691 736 1742 nova
751 1678 786 1741 e't
803 1678 976 1765 perpetua
991 1669 1160 1743 cathedra
1175 1691 1219 1740 ex
1232 1668 1441 1740 liberalitate

200 1825 201 1828 =
273 1780 534 1875 archiepiscopi
558 1780 733 1853 Dominici
748 1780 792 1852 de
815 1780 973 1853 Mareotis
993 1803 1064 1852 non
1086 1781 1199 1852 solum
1222 1790 1354 1869 erecta,
1378 1781 1443 1852 sed

209 1927 211 1933 s
273 1891 366 1964 mille
382 1891 487 1964 etiam
505 1892 571 1963 fuit
587 1893 738 1964 nummis
754 1893 874 1965 dotata
892 1903 916 1964 ².
935 1893 1027 1964 Hinc
1048 1893 1085 1963 iu
1103 1891 1341 1964 Universitate
1357 1915 1443 1964 nos-

274 2012 330 2075 tra
357 2002 486 2075 florere
518 2003 608 2076 adeo
638 2003 745 2098 coepit
780 2004 987 2098 Theologia,
1028 2011 1076 2092 ut,
1115 2003 1318 2098 insequenti
1351 2025 1442 2075 anno

276 2111 408 2212 (1656),
429 2115 672 2186 controversia
689 2115 733 2186 de
755 2115 929 2188 decanatu
951 2115 1180 2210 adipiscendo
1200 2122 1324 2187 exorta
1339 2114 1445 2186 fuerit

274 2225 366 2298 inter
384 2225 534 2298 clericos
555 2227 739 2298 seculares
764 2235 799 2298 et
820 2227 1015 2298 monachos
1040 2226 1077 2297 in
1106 2225 1294 2319 collegium
1320 2225 1444 2298 docto-

275 2361 352 2409 rum
376 2337 575 2432 adscriptos
601 2337 626 2410 ³.
654 2338 752 2411 Nihil
776 2338 894 2410 omisit
917 2337 1152 2427 Universitas,
1180 2347 1217 2408 ut
1236 2337 1444 2431 Theologiae

275 2449 520 2543 professorum
545 2449 696 2521 studium
723 2457 828 2546 atque
858 2450 1119 2522 aemulationem
1147 2449 1353 2522 excitaret:
1382 2471 1445 2521 eos

275 2561 469 2634 honoribus
487 2561 639 2632 ethonis
655 2561 856 2634 cumulavit.
876 2561 980 2634 Anno
1004 2562 1108 2649 1671,
1129 2561 1291 2633 omnibus
1310 2560 1445 2654 magis·

274 2673 339 2745 tris
360 2671 541 2745 licentiam
567 2673 663 2744 dedit
680 2673 829 2762 ferendi,
860 2701 877 2739 u
895 2672 934 2744 io
958 2672 1097 2746 actibus
1117 2670 1285 2768 publicis,
1310 2671 1443 2768 epomi-

277 2785 360 2858 dem
385 2783 507 2856 01160111
534 2807 583 2856 ea
615 2807 702 2856 roso
729 2783 908 2878 derasoque
939 2783 1066 2869 serico,
1098 2784 1241 2879 quatem
1269 2783 1442 2856 hactemus

275 2905 421 2993 pastore
452 2923 469 2962 »
502 2903 738 2968 consueverat
767 2897 924 2968 decanus
955 2918 963 2969 :
995 2895 1181 2992 omniaque
1210 2895 1446 2968 emolumenta

278 3005 398 3108 (1658)
420 3007 529 3080 voluit
557 3029 578 3080 a
602 3007 805 3080 doctoribus
834 3008 1041 3102 aggregatis
1065 3006 1211 3102 percipi,
1242 3004 1400 3104 quamvis
1426 3029 1447 3080 a

277 3120 416 3193 civitate
437 3128 583 3215 propter
601 3127 836 3192 conventuum
857 3129 916 3193 aut
934 3119 1166 3214 capitulorum
1181 3118 1325 3214 negotia
1342 3119 1445 3192 abes·

277 3240 358 3305 sent
373 3229 399 3304 ⁴.

324 3343 533 3438 Theologiae
577 3341 778 3416 auditorum
828 3364 996 3432 numerus
1040 3341 1145 3438 paulo
1187 3352 1269 3437 post
1312 3339 1438 3431 crevit,

278 3477 384 3552 quum
408 3453 628 3528 Avenionem
646 3455 798 3526 Oratorii
815 3456 943 3527 Patres
966 3455 1194 3527 advenissent
1217 3477 1309 3526 anno
1334 3454 1440 3527 1666.

271 3566 343 3654 Qui
366 3567 580 3640 reformatos
604 3565 697 3638 tertii
725 3566 1046 3639 Franciscanorum
1076 3567 1224 3654 ordinis,
1254 3567 1291 3662 in
1318 3567 1444 3655 eadem

277 3679 418 3750 civitate
440 3678 517 3773 jam
545 3679 589 3751 ab
617 3699 708 3750 anno
741 3677 834 3750 1639
861 3679 1082 3768 constitutos,
1117 3677 1265 3750 aemulos
1289 3677 1381 3750 forte
1408 3679 1444 3750 in

275 3789 400 3862 divinis
427 3791 535 3862 rebus
564 3789 742 3862 discendis
771 3799 980 3884 repererunt
1008 3789 1033 3862 ⁵.
1064 3790 1112 3861 At
1139 3788 1337 3883 Theologia
1362 3813 1445 3884 pro·
1535 3806 1538 3812 '

274 3901 389 3996 prium
401 3902 465 3974 fuit
479 3903 643 3974 Fratrum
658 3901 939 3974 Praedicatorum
955 3902 1121 3974 studium.
1139 3901 1300 3972 Docendi
1314 3924 1441 3997 nempe

277 4013 430 4086 officium
447 4014 672 4109 peculiariter
694 4013 810 4086 fuerat
826 4013 878 4086 eis
894 4036 914 4086 a
930 4013 1111 4088 cathedrae
1131 4011 1313 4086 conditore
1328 4014 1447 4086 Domi-

275 4125 419 4200 nicode
441 4125 598 4200 Morinis
621 4125 835 4217 attributum,
865 4147 909 4200 ea
930 4133 1048 4200 tamen
1070 4125 1163 4222 lege,
1186 4132 1224 4198 ut
1242 4123 1284 4216 is,
1313 4125 1447 4222 quitali

313 4372 337 4426 1.
354 4370 507 4428 11111001
522 4373 624 4430 l'Unta.
642 4371 785 4445 t'Aotpn„
802 4369 824 4427 f⁰
840 4373 900 4428 118.

311 4457 337 4511 1.
354 4459 441 4524 istd,
456 4455 479 4512 s⁰
496 4460 557 4514 137.

313 4540 339 4598 0.
359 4541 446 4612 rota,
460 4542 482 4598 u
498 4546 560 4601 110.

312 4631 339 4684 1.
355 4629 440 4692 loto..
459 4626 481 4684 l⁰
499 4633 548 4686 166
562 4637 589 4687 et
605 4629 665 4686 113.

314 4714 340 4770 t.
359 4712 451 4782 Fauo,
464 4715 543 4778 1116..
561 4731 588 4791 p.
601 4715 647 4784 st,
663 4715 710 4776 61.
