3676 5592
696 613 859 662 mercarer
880 612 1091 660 anuuanarro.
1440 590 1471 655 11

315 729 563 820 immunitates,
604 719 761 828 probatis
796 735 1031 830 legitimisque
1066 727 1359 806 Universitatibus
1397 733 1473 826 jam
1517 717 1520 728 ⁵

201 865 204 878 ·
314 866 521 932 concessas
539 845 607 916 illis
625 846 778 918 tribuere
792 854 964 940 poterant,
982 869 1069 942 quos
1084 847 1128 918 ad
1140 847 1272 939 gradus
1286 867 1472 939 promove-

313 956 409 1028 bant.
998 981 1000 988 ·
1154 988 1159 994 ·

361 1068 583 1162 Quapropter
592 1068 1020 1155 omnesfereAcademiae,
1033 1071 1207 1154 Romana,
1223 1067 1469 1154 Bononiensis,

314 1179 538 1267 Parisiensis,
555 1181 744 1267 Tolosana,
763 1181 1089 1274 Montepessulana,
1113 1189 1313 1274 ceteraeque
1333 1178 1476 1249 nobilis-

315 1290 413 1362 simae
437 1292 776 1362 commendationem
798 1301 931 1363 sanotae
952 1292 1053 1363 Sedis
1074 1300 1211 1363 conatae
1233 1299 1312 1361 sunt
1331 1289 1472 1360 mereri.

313 1401 468 1483 Quarum
483 1403 643 1496 profecto
656 1403 793 1474 videtur
812 1404 973 1497 exemplo
989 1403 1181 1475 Academia
1201 1401 1469 1488 Avenionensis,

277 1597 281 1604 ,
314 1535 334 1583 a
360 1521 411 1584 tot
433 1515 510 1608 jam
538 1515 621 1586 viris
645 1515 828 1601 illustrata,
857 1525 908 1586 tot
933 1516 1108 1586 cumulata
1134 1514 1337 1608 privilegiis,
1370 1513 1474 1583 tantis

314 1625 418 1695 etiam
440 1626 665 1714 ornamentis,
687 1627 812 1697 summi
827 1627 1009 1701 Pontificis
1034 1627 1324 1720 approbationem
1344 1623 1474 1696 addere

312 1736 484 1826 voluisse;
517 1747 586 1808 «ut
609 1738 754 1808 firmiori
773 1739 1017 1810 universitatis
1043 1739 1141 1810 titulo
1165 1737 1377 1809 communita
1399 1758 1474 1828 prae

313 1847 389 1918 aliis
407 1857 513 1942 caput
528 1849 723 1937 extolleret,
743 1858 918 1921 rectorem
937 1873 1038 1922 suum
1057 1850 1216 1943 eligeret,
1241 1855 1370 1920 statuta
1388 1869 1475 1918 con-

312 1959 422 2038 deret,
452 1960 599 2056 aliisque
622 1961 850 2055 famosorum
873 1961 1149 2033 Universitatum
1173 1958 1437 2032 communicatis
1453 1985 1470 2022 »
1541 1962 1542 1965 ’

311 2071 489 2142 frueretur
509 2071 782 2143 immunitatibus
803 2083 826 2143 ¹·
854 2073 943 2154 Quid
968 2073 1075 2166 igitur
1099 2073 1235 2160 mirum,
1267 2072 1297 2142 si
1317 2069 1474 2142 Avenio-

312 2204 443 2254 nenses
468 2183 604 2254 titulum
630 2183 878 2255 Universitatis
908 2184 965 2255 vel
989 2207 1010 2256 a
1033 2183 1217 2255 Bonifacio
1239 2184 1338 2270 VIII,
1370 2181 1427 2252 vel
1454 2203 1475 2252 a

313 2293 438 2365 Garolo
454 2317 552 2388 rege,
576 2295 677 2389 cujus
700 2295 813 2388 gratia
831 2296 1016 2388 plurimum
1034 2296 1127 2389 apud
1155 2318 1328 2366 summum
1353 2293 1474 2364 Ponti-

311 2407 413 2477 ficem
442 2407 592 2494 valebat,
630 2429 778 2478 exorare
812 2408 1046 2480 certaverint?
1074 2403 1182 2493 Quid,
1212 2407 1243 2477 si
1268 2406 1474 2477 Bonifacius

310 2519 399 2612 ipse,
431 2542 535 2614 quum
566 2518 872 2590 animadvertisset
901 2527 1067 2614 quantum
1093 2541 1114 2590 a
1143 2518 1268 2590 Garolo
1294 2518 1475 2588 foveretur

309 2629 514 2716 Academia,
551 2652 641 2716 eam,
678 2637 715 2699 ut
752 2629 830 2722 regi
870 2639 972 2722 grata
1000 2629 1145 2716 faceret,
1183 2629 1219 2698 in
1258 2629 1474 2700 consortium

308 2740 453 2812 honoris
487 2749 521 2838 et
558 2739 822 2834 privilegiorum
860 2740 1168 2812 celeberrimarum
1196 2739 1473 2811 Universitatum

309 2875 438 2923 vocare
458 2851 628 2923 voluerit?
730 2925 733 2933 ,
1009 2871 1012 2876 ·

358 2963 580 3059 Ceteroquin,
610 2963 695 3034 satis
720 2963 849 3034 idonea
876 2960 1177 3036 Avenionensium
1200 2963 1334 3051 civitae,
1367 2972 1497 3059 atque·

309 3075 540 3148 accomodata
567 3075 751 3146 Bonifacio
779 3074 962 3147 videbatur
987 3104 1003 3142 κ
1028 3075 1074 3146 ad
1098 3075 1360 3169 multiplicanda
1386 3076 1472 3146 doc-

308 3187 409 3258 trinae
430 3187 565 3258 semina
587 3195 621 3256 et
643 3185 803 3279 germina
825 3187 992 3258 salutaria
1018 3187 1247 3280 producenda
1261 3197 1271 3223 ²
1286 3215 1321 3256 ».
1348 3185 1473 3258 Omnia

308 3322 434 3392 nempe
449 3298 498 3368 illi
513 3298 718 3386 suadebant,
743 3306 779 3368 ut
792 3298 994 3370 inchoatam
1002 3299 1078 3392 Jam
1097 3299 1154 3369 bic
1172 3298 1360 3392 perficeret
1380 3297 1472 3370 Aca-

309 3411 459 3483 damiam
477 3433 485 3480 :
516 3439 531 3475 «
551 3410 780 3505 perantiquus
798 3410 833 3480 in
851 3410 938 3482 urbe
961 3433 1048 3481 usus
1065 3411 1270 3498 litterarum,
1292 3418 1471 3504 spectatus

309 3524 353 3595 ad
365 3530 521 3594 veterem
535 3522 813 3617 qualemcunque
827 3521 1056 3594 Academiam
1073 3523 1226 3594 omnium
1236 3545 1347 3616 prope
1360 3523 1471 3594 natio-

306 3658 388 3705 num
407 3623 612 3722 concursus,
636 3641 761 3705 natura
779 3641 813 3704 et
832 3633 1011 3726 ingenium
1030 3643 1064 3705 et
1082 3634 1222 3705 bonitas
1246 3635 1282 3704 in
1301 3657 1380 3705 eam
1394 3657 1470 3706 rem

307 3746 501 3840 comparati
524 3745 604 3832 loci,
633 3745 831 3840 frequentia
849 3753 883 3816 et
905 3737 1010 3833 fama,
1039 3753 1074 3816 et
1093 3745 1151 3816 illa
1170 3746 1357 3818 celebritas
1379 3747 1469 3818 anti-

307 3857 486 3956 quissimae
509 3857 669 3944 civitatIs,
691 3857 851 3928 vicinitas
872 3880 938 3952 que
953 3857 1159 3928 Venaiscini
1183 3856 1385 3944 Comitatus,
1412 3859 1470 3953 qui

301 3969 377 4064 jam
407 3977 487 4040 ante
523 3968 728 4062 apostolicae
765 3969 886 4040 ditioni
910 3969 1190 4064 patrimonioque
1223 3979 1462 4057 concesserat,

305 4089 388 4153 vota
418 4088 453 4152 et
479 4081 594 4152 studia
621 4081 774 4151 omnium
803 4079 940 4164 civium,
971 4081 1092 4176 quise
1124 4103 1167 4152 ea
1191 4081 1326 4152 ratione
1353 4082 1468 4174 magis

308 4216 411 4290 quam
443 4192 633 4280 moenibus,
671 4215 750 4287 quae
785 4191 879 4270 nulla
915 4200 987 4262 tum
1022 4200 1122 4263 erant
1151 4191 1351 4280 Avenione,
1393 4216 1468 4264 rem

306 4303 591 4375 Avenionensem
606 4303 732 4374 muniri
747 4312 781 4374 et
793 4303 947 4396 priscam
963 4303 1167 4396 dignitatem
1183 4305 1344 4375 revocari
1358 4326 1466 4398 posse

341 4596 365 4644 1.
379 4589 445 4646 Paul
464 4609 498 4646 nn
516 4591 688 4657 Canacouuu,
710 4597 752 4648 De
770 4597 856 4664 prtm.
874 4599 954 4652 Unio.
971 4601 1060 4654 Acen,
1085 4603 1185 4657 erecta
1205 4598 1305 4652 Pte'ces
1331 4599 1416 4657 relat.
1446 4599 1465 4655 ὰ

304 4678 418 4738 l’Uniu.‚
435 4685 455 4732 t.
471 4679 597 4744 13Htsr„
615 4676 637 4732 s⁰
650 4682 694 4732 32.

338 4765 364 4819 2.
382 4766 497 4818 Battar.
515 4767 598 4818 ctott.
616 4768 716 4824 Acen„
733 4781 758 4843 p.
776 4765 819 4818 57.
