3686 5590
418 527 457 590 96
766 540 1003 591 unrvrnsrrsrts
1027 539 1246 590 svnsrosassrs

417 664 496 736 nori
510 687 591 736 sese
608 663 787 736 obstitisse
806 666 963 738 confessi
986 675 1146 738 tenorem
1166 661 1334 736 solemnis
1358 657 1587 733 decreticum

417 775 628 868 purgatione
654 775 917 864 calumniarum,
943 801 1023 873 qnae
1043 779 1087 849 de
1109 777 1197 870 ipsis
1222 774 1314 846 falso
1336 773 1582 867 vulgabantur,

419 886 648 958 Universitati
665 909 788 958 mense
813 890 1014 960 novembris
1043 889 1126 960 anni
1156 886 1247 958 1437
1270 887 1542 957 transmiserunt
1559 897 1583 955 ‘.

418 998 530 1069 Paulo
548 1007 640 1091 post,
662 1021 754 1069 anno
777 998 881 1086 1438,
905 1000 1016 1072 altera
1037 1001 1177 1073 adeam
1205 999 1337 1091 scripta
1358 998 1518 1091 epistola,
1550 997 1587 1066 in

419 1110 632 1180 obstinatum
651 1118 686 1180 et
699 1109 871 1203 perfidum
895 1112 1022 1184 summi
1046 1111 1228 1183 Pontificis
1261 1111 1414 1181 animum
1440 1109 1580 1192 invecti,

418 1223 477 1318 qni
506 1229 542 1292 et
572 1242 676 1292 sacro
705 1222 869 1292 concilio.
884 1245 1012 1316 parere
1050 1230 1280 1294 recusaverat
1308 1229 1343 1291 et
1373 1220 1583 1292 Graecorum

414 1333 556 1426 legatos
571 1332 617 1403 ad
634 1354 685 1417 se,
710 1355 839 1425 magno
860 1334 1118 1427 conjunctionis
1137 1333 1358 1418 detrimento,
1385 1331 1586 1402 Ferrariam

417 1445 594 1517 adducere
609 1452 805 1515 tentaverat
820 1442 1048 1541 (quapropter
1064 1446 1123 1532 illi,
1143 1454 1181 1514 ut
1195 1445 1347 1530 aiebant,
1365 1443 1448 1536 jure
1465 1443 1584 1536 papali

416 1555 564 1650 imperio
581 1553 857 1652 interdixerant),
881 1557 1029 1628 orabant
1044 1567 1081 1627 ut
1100 1557 1145 1628 ad
1161 1557 1336 1652 synodum
1348 1554 1585 1626 Basiliensem

416 1667 559 1740 nuntios
576 1667 664 1736 mitti
679 1677 833 1754 curaret,
854 1668 986 1740 omisso
1002 1669 1226 1740 Ferrariensi
1241 1666 1486 1738 conventiculo
1497 1677 1523 1736 ².
1539 1663 1586 1736 At

417 1779 583 1850 Patribus
608 1777 766 1872 quamvis
792 1776 1012 1850 Avenionem
1048 1780 1242 1872 elegissent
1273 1783 1343 1874 qua
1368 1779 1405 1848 in
1432 1777 1518 1848 urbe
1540 1778 1584 1846 de

417 1890 664 1983 conjunctione
680 1889 900 1981 optatissima
919 1891 1128 1962 Graecorum
1144 1914 1224 1962 cum
1245 1891 1379 1962 Latinis
1402 1899 1579 1981 ageretur,

414 2004 451 2074 in
470 2023 574 2098 quam
596 1989 823 2071 concordiam
843 2001 967 2072 civitas
987 2003 1067 2096 ipsa
1085 2002 1310 2096 septuaginta
1328 2001 1422 2072 mille
1436 2001 1584 2071 ducatos

417 2137 481 2186 seu
506 2113 662 2183 florenos
691 2134 820 2182 aureos
849 2113 1056 2202 contulerat,
1091 2113 1286 2186 Academia
1308 2112 1579 2200 Avenionensis,

415 2225 516 2300 novis
534 2225 661 2295 summi
683 2223 865 2295 Pontificis
883 2225 1009 2296 litteris
1036 2227 1162 2297 eodem
1182 2248 1273 2297 anno
1300 2222 1418 2322 (1438)
1442 2223 1579 2310 allecta,
1626 2215 1631 2224 ’

415 2336 599 2430 respondit
630 2335 667 2406 id
698 2334 776 2406 fieri
803 2358 874 2406 non
901 2359 1010 2430 posse
1040 2339 1116 2409 sine
1146 2337 1289 2408 licentia
1316 2337 1467 2430 Eugenii
1490 2334 1581 2406 lV³.

415 2451 539 2544 ltaque
559 2469 694 2518 summo
713 2446 876 2518 Pontifici
887 2470 1015 2542 parere
1030 2448 1161 2537 maluit,
1186 2449 1388 2543 praesertim
1407 2456 1584 2542 praestan·
1634 2505 1644 2516 .

414 2559 840 2652 tissimisavirisimpulsa
852 2560 964 2632 Paulo
980 2561 1024 2632 de
1034 2561 1150 2649 Cario,
1171 2562 1340 2656 episcopo
1353 2559 1578 2648 Gladavensi,

415 2681 451 2770 et
485 2672 613 2743 Pontio
649 2672 694 2742 de
731 2670 883 2761 Sadone,
918 2673 1088 2768 episcopo
1124 2673 1352 2756 Vasionensi,
1389 2673 1448 2769 qui
1479 2672 1583 2744 ambo

414 2785 641 2880 professores
655 2783 842 2854 clarissimi
850 2785 1011 2878 Eugenio
1021 2787 1072 2857 IV
1080 2785 1229 2882 obsequi
1244 2793 1279 2856 et
1293 2784 1454 2856 auxiliari
1462 2791 1585 2859 contra

414 2897 593 2994 publicum
606 2895 799 2967 Avenionis
815 2897 1001 2968 concilium
1020 2897 1195 2969 obstinate
1213 2897 1399 2968 voluerunt
1411 2894 1437 2968 ⁴.
1451 2897 1585 2968 Nostra

414 3010 521 3104 igitur
542 3008 765 3080 Universitas
790 3031 956 3102 magnam
978 3010 1022 3081 de
1041 3010 1095 3097 iia,
1117 3009 1176 3105 qui
1192 3009 1364 3080 libertatis
1391 3008 1584 3080 Gallicanae

415 3121 611 3194 doctrinam
627 3119 847 3192 Avenionem
862 3121 1042 3210 inducere,
1069 3131 1104 3192 et
1124 3121 1274 3193 concilio
1287 3120 1448 3214 generali
1463 3119 1586 3192 Ponti-

414 3233 519 3304 ficem
533 3231 738 3303 submittere
755 3233 966 3322 nitebantur,
991 3233 1174 3306 victoriam
1185 3233 1316 3304 retulit.
1336 3233 1422 3304 Inde
1433 3231 1587 3304 maxima

414 3345 451 3416 in
476 3367 555 3416 eam
580 3343 731 3436 Eugenii
755 3346 807 3414 IV
835 3345 1093 3434 benevolentia,
1132 3345 1190 3441 qui
1223 3367 1302 3416 eam
1337 3344 1498 3416 hortatus
1532 3353 1587 3414 est

415 3479 507 3530 anno
526 3455 629 3543 1439,
650 3464 686 3525 ut
704 3457 1017 3550 supplicationibus
1042 3457 1122 3551 ipsa
1147 3457 1346 3528 celebraret
1371 3455 1584 3550 promissam

416 3569 459 3642 ab
477 3567 655 3640 Armeniis
679 3568 844 3640 ecclesiae
862 3591 1021 3641 romanae
1044 3568 1282 3644 obedientiam
1302 3565 1328 3638 ⁵.
1355 3569 1482 3640 Patres
1504 3585 1586 3638 vero

416 3680 561 3753 Concilii
580 3680 800 3770 Basiliensis,
831 3704 910 3752 eam
934 3704 1040 3778 quum
1063 3681 1130 3752 sibi
1154 3680 1294 3752 adscire
1312 3680 1444 3750 frustra
1471 3687 1587 3750 tenta*

415 3793 560 3880 vissent,
580 3800 715 3863 terrere
729 3793 915 3864 voluerunt
934 3817 941 3864 :
960 3793 1253 3864 denuntiaverunt
1273 3815 1311 3864 se
1333 3815 1352 3863 e
1373 3789 1585 3863 Pontificatn
1634 3817 1638 3826 ·

414 3902 614 3997 Eugenium
637 3904 829 3998 dejecisse.
856 3907 892 3976 ls
916 3929 1013 3993 vero,
1043 3915 1079 3976 ut
1108 3928 1187 3976 eam
1208 3904 1332 3975 infide
1366 3912 1586 3974 constantem

312 4085 314 4091 ,
414 4016 567 4111 agnovit,
594 4017 710 4110 magis
737 4039 779 4088 ac
802 4018 918 4111 magis
947 4017 1065 4089 colere
1092 4017 1210 4110 coepit,
1241 4017 1344 4112 eique
1366 4015 1402 4086 in
1426 4022 1585 4085 ostenta·

415 4129 547 4202 tionem
573 4127 748 4217 amicitiae‚
776 4151 841 4224 per
872 4140 1033 4220 oratores
1062 4127 1260 4223 pontificios
1287 4127 1471 4199 Avenione
1494 4121 1587 4196 resia

454 4371 477 4426 l.
491 4372 608 4426 Aratio.
626 4369 768 4440 (Μέρη,
787 4375 869 4424 Cart.
885 4367 919 4424 de
932 4365 1046 4428 dilala,
1063 4363 1139 4439 pibce
1154 4362 1198 4418 49.

452 4460 479 4512 2.
495 4459 611 4511 Archiv.
627 4458 748 4527 d'Aoig.,
765 4456 843 4516 ibid„
859 4472 888 4527 p.
906 4455 951 4509 50.

452 4547 477 4599 3.
495 4545 665 4598 tlrnecouns.
680 4573 713 4582 -
729 4543 856 4598 Archia..
870 4541 949 4600 ibid„
966 4557 993 4612 p.
1010 4542 1054 4592 51.
1071 4568 1106 4578 -
1120 4531 1138 4591 F
1143 4549 1250 4604 aurosi,
1267 4540 1287 4590 t.
1304 4526 1328 4601 1,
1340 4548 1369 4609 p.
1388 4534 1433 4590 ³3.

452 4634 479 4687 4.
494 4629 648 4687 Consumis.

453 4723 480 4778 b.
494 4719 610 4774 Archiv.
626 4716 726 4788 d’Aoip
741 4751 749 4775 ,
764 4730 791 4790 p.
806 4713 849 4767 52.
