3686 5590
397 605 451 675 106
739 623 973 673 1111111111111
994 623 1233 682 111111111111Ι

395 767 473 819 rum
488 743 596 840 longa
611 741 705 840 apud
717 742 988 818 Avenionenses
1002 743 1253 841 permansione
1268 744 1354 820 nihil
1366 743 1503 822 felicius
1526 739 1559 820 ei

395 858 553 954 contigit.
574 857 676 942 Quod
689 857 922 952 patrocinium
937 856 1005 929 nisi
1027 868 1131 930 nacta
1147 868 1254 948 esset,
1276 859 1377 934 brevi
1389 859 1557 961 temporis

396 971 510 1066 spatio
524 969 678 1066 propriis
692 969 823 1042 viribus
840 968 947 1042 effeta
958 970 1185 1042 concidisset.
1202 971 1329 1068 Neque
1345 981 1395 1044 111
1408 971 1557 1067 inclytos

393 1081 578 1157 habuisset
592 1082 829 1177 professores
851 1082 919 1178 qui,
950 1082 1166 1155 clarissimos
1192 1092 1390 1156 ceterarum
1407 1084 1558 1156 Univer-

396 1195 537 1269 sitatum
571 1195 736 1267 doctores
768 1193 933 1282 aemulati,
965 1193 1170 1290 frequentes
1195 1195 1386 1290 discipulos
1407 1195 1559 1292 undique

395 1305 607 1378 alliciebant.
632 1304 759 1400 Neque
777 1303 972 1398 perfectam
996 1312 1031 1375 et
1055 1305 1216 1377 omnibus
1231 1306 1387 1378 numeris
1412 1307 1496 1394 suis,
1524 1305 1560 1376 id

395 1426 450 1488 111
471 1416 639 1510 Legibus,
666 1415 822 1500 Artibus,
845 1415 1024 1488 Medicina
1050 1425 1084 1487 et
1106 1417 1304 1512 Theologia
1323 1426 1555 1502 constantem,

394 1528 588 1602 doctrinam
606 1527 815 1599 multitudini
833 1527 1084 1621 discipulorum
1103 1529 1322 1619 tradidisset;
1347 1552 1462 1626 neque
1478 1529 1558 1601 ideo

401 1669 417 1706 «
432 1641 615 1736 famosam
630 1669 662 1728 »,
683 1648 721 1710 ut
739 1639 889 1726 aiebant,
918 1662 956 1711 se
974 1638 1133 1734 profiteri
1152 1643 1328 1734 potuisset
1347 1665 1355 1714 :
1377 1663 1491 1737 neque
1509 1650 1560 1712 tot

395 1751 555 1846 collegiis
579 1751 709 1823 donata
738 1751 875 1838 fuisset,
908 1751 943 1822 in
977 1751 1101 1847 quibus
1135 1754 1294 1847 corporis
1324 1753 1559 1848 simulatque

395 1863 501 1936 animi
513 1864 724 1934 nutrimenta
734 1862 911 1957 juventuti
931 1862 1123 1934 liberaliter
1142 1863 1453 1936 distribuebantur.
1470 1864 1560 1946 Quin

397 1974 512 2062 etiam,
532 1975 611 2068 ipsa
623 1974 924 2046 Avenionensium
938 1973 1073 2062 civitas,
1094 1976 1252 2070 quamvis
1265 1976 1459 2048 litterarum
1474 1974 1560 2047 anti-

397 2086 512 2182 quitus
522 2085 921 2173 studiosissima,forsan
932 2085 1162 2158 Universitati
1174 2110 1245 2158 uon
1257 2087 1556 2174 tantumfavisset,

395 2197 464 2268 nisi
481 2197 526 2268 ad
554 2197 800 2276 liberalitatem
827 2219 1042 2268 summorum
1074 2197 1294 2286 Pontificum,
1325 2222 1413 2294 quos
1437 2199 1560 2271 docto-

394 2308 492 2379 ribus
507 2309 639 2380 nostris
656 2308 903 2380 devotissimos
919 2317 1076 2397 noverat,
1096 2332 1197 2382 suam
1210 2332 1348 2407 quoque
1364 2332 1561 2382 accommo-

396 2419 530 2492 dasset.
548 2419 675 2515 Neque
688 2442 812 2491 rursus
827 2419 1060 2508 Universitas,
1081 2420 1111 2492 si
1126 2444 1197 2492 non
1210 2421 1337 2493 fuisset
1352 2421 1560 2493 subditione
1616 2420 1618 2424 ’

398 2537 432 2601 11
447 2530 548 2626 quasi
565 2530 629 2601 sub
647 2553 753 2602 manu
770 2539 874 2626 atque
894 2539 974 2602 ante
990 2531 1112 2602 oculos
1128 2554 1299 2625 paparum
1315 2532 1441 2626 posita,
1464 2539 1561 2602 tanta

396 2657 550 2739 unquam
576 2644 794 2730 auctoritate,
828 2643 901 2715 sive
929 2644 964 2714 iu
987 2644 1107 2737 magui
1138 2644 1337 2716 schismatis
1365 2644 1562 2717 altercatio-

396 2754 510 2842 nibus,
534 2755 662 2826 sivein
681 2755 829 2827 civitatis
845 2755 1166 2844 deliberationibus,
1187 2756 1367 2828 valuisset.

426 2865 608 2966 *Namque
639 2867 675 2937 in
702 2888 858 2938 summos
885 2865 1089 2964 Pontifices
1122 2867 1294 2964 aquibus
1319 2875 1373 2939 111
1401 2875 1436 2940 11
1465 2875 1562 2939 11111

398 2976 571 3048 beneficia
600 2986 798 3070 acceperat,
822 2985 961 3070 gratum
990 3000 1131 3071 semper
1148 2983 1223 3072 prae
1243 3001 1281 3050 11
1303 2979 1378 3054 tulit
1394 2979 1556 3064 animum,

401 3088 536 3184 quibus,
559 3112 629 3188 non
648 3090 761 3160 solum
779 3112 849 3160 non
874 3089 1065 3177 adversari,
1089 3090 1154 3161 sed
1177 3089 1564 3186 plerumqueassentiri

399 3199 519 3270 voluit.
546 3200 743 3293 Eugenium
771 3201 831 3287 IV,
868 3200 1019 3293 exempli
1037 3202 1161 3294 gratia,
1194 3201 1359 3289 defendit,
1383 3202 1465 3273 dum
1485 3200 1564 3272 aliae

401 3310 659 3382 Universitatcs
686 3334 755 3382 una
782 3311 1042 3404 compatribus
1066 3310 1212 3383 Concilii
1227 3313 1435 3384 Basiliensis
1457 3312 1565 3385 libcr-

401 3429 492 3493 tates
507 3422 670 3494 ecclesiae
689 3422 834 3495 Gallicae
852 3423 1052 3494 tuebantur.
1070 3423 1170 3510 Quod
1188 3433 1305 3495 autem
1321 3425 1438 3495 adres
1457 3423 1567 3517 publi-

403 3556 465 3604 cas
486 3534 617 3622 attinet,
635 3534 703 3606 nisi
723 3557 801 3606 eam
824 3535 982 3606 auxisset
1009 3543 1043 3606 et
1066 3535 1166 3630 quasi
1186 3535 1448 3608 honestavisset
1469 3535 1568 3606 Sum·

404 3668 540 3716 morum
572 3645 781 3717 Pontificum
807 3645 966 3718 faveret
990 3650 1115 3738 gratia,
1146 3669 1334 3742 nunquam,
1357 3647 1392 3716 in
1419 3647 1548 3718 civitati

404 3757 512 3844 curia,
546 3779 589 3828 eo
623 3757 857 3851 amplitudinis
888 3757 1083 3850 procedere
1123 3758 1309 3851 potuisset.
1345 3759 1421 3842 Quo
1454 3757 1567 3850 magis

407 3868 498 3939 euim
535 3868 628 3961 apud
656 3867 926 3939 Avenionenses
956 3867 1117 3939 coluntur
1148 3890 1190 3940 ac
1225 3869 1357 3962 pollent
1388 3868 1569 3940 Gallorum

404 3979 540 4074 Reges,
566 4002 608 4050 eo
627 3980 753 4072 magis,
777 3987 911 4052 sanctae
937 3979 1039 4051 Sedis
1064 3981 1221 4074 potentia
1238 3989 1459 4068 senescente,
1480 3980 1568 4051 Uni-

405 4091 582 4162 versitatis
602 4092 792 4163 auctoritas
810 4091 1036 4162 imminuitur.
1058 4089 1242 4162 Avenione
1265 4091 1399 4163 scilicet
1425 4114 1445 4163 a
1469 4100 1568 4162 111111

407 4202 543 4273 decimo
571 4203 703 4274 saeculo
725 4203 911 4274 nonnullos
938 4203 1073 4298 incolas
1100 4203 1271 4290 invenias
1296 4203 1354 4298 qui
1375 4225 1439 4296 pro
1465 4203 1569 4294 Rege

407 4314 626 4384 Francorum
654 4315 824 4402 steterint,
854 4316 1003 4410 ejusque
1034 4323 1154 4410 partes
1184 4314 1570 4409 defenderint‘Neque

409 4424 509 4496 aliter
533 4424 610 4496 fieri
626 4433 766 4519 poterat
781 4425 817 4496 in
833 4426 971 4497 civitate
990 4426 1143 4521 undique
1166 4448 1187 4497 a
1204 4425 1316 4497 Gallis
1339 4425 1564 4512 circumdata,

409 4559 600 4631 eorumque
620 4559 738 4608 mores
754 4546 788 4608 11
810 4537 966 4630 linguam
986 4559 1159 4630 usurpare
1175 4537 1290 4608 solita.
1309 4536 1396 4618 Quae
1415 4537 1519 4608 toties
1536 4537 1571 4606 in

408 4655 620 4740 potestatem
638 4647 781 4742 Regum
796 4648 976 4720 Gallorum
999 4657 1154 4735 venerat,
1181 4655 1219 4719 ut
1244 4648 1296 4720 eis
1317 4648 1463 4720 obedire
1487 4670 1571 4741 pau-

407 4757 503 4832 latim
528 4759 757 4848 assuevisset,
785 4769 820 4832 et
845 4761 946 4859 quasi
963 4758 1100 4835 Gallica
1115 4760 1211 4834 facta
1235 4767 1344 4850 esset,
1367 4759 1570 4858 priusquam
