3676 5592
664 520 827 583 nrsronrn
848 523 1060 579 0000000000.
1408 507 1445 582 19

281 659 335 724 est
352 643 552 724 Martialem
576 647 805 739 Auribellum,
842 651 1143 724 dominicanorum
1173 659 1255 723 tunc
1281 652 1445 724 eruditis-

282 763 416 850 simum,
434 785 553 834 rerum
567 761 761 833 divinarum
781 763 952 834 doetrinae
970 785 1081 835 novas
1092 763 1186 834 vires
1201 763 1391 852 addidisse,
1412 772 1447 836 et

281 875 484 968 disciplinas
501 873 700 945 restituisse
726 873 867 945 circiter
887 874 932 945 ad
947 891 1075 945 annum
1100 874 1193 946 1453
1209 885 1233 945 ¹.
1253 875 1398 964 Verum,
1417 876 1447 946 si

280 993 436 1057 nostram
462 984 671 1056 sententiam
695 985 835 1056 omnino
860 985 997 1078 aperire
1020 985 1114 1074 licet,
1140 1008 1183 1058 ea
1207 994 1296 1058 aetas
1320 987 1448 1058 clarior

279 1097 344 1168 fuit
374 1096 582 1190 Theologiae
614 1095 807 1168 Facultatis
841 1097 1030 1186 erectione,
1067 1119 1182 1193 quamv
1200 1097 1447 1192 theologorum
1541 1157 1545 1166 .

280 1230 426 1279 numero
445 1215 479 1279 et
493 1207 711 1278 celebritate.
802 1249 805 1252 -

327 1319 473 1390 Decimo
503 1326 619 1390 autern
641 1325 741 1390 sexto
769 1318 911 1390 ineunte
933 1319 1077 1408 saecule,
1107 1319 1304 1414 Theologia
1332 1321 1447 1412 magis

198 1507 202 1516 ,
278 1431 460 1502 videturin
474 1430 709 1518 monasteriis,
718 1452 821 1525 quam
835 1431 870 1502 in
884 1431 1135 1520 Universitate,
1150 1429 1448 1505 floruisseTheo-

278 1542 386 1636 legiae
404 1541 571 1613 Facultas
589 1542 843 1612 astndentibus
862 1542 1046 1614 monachis
1066 1543 1308 1631 deserebatur,
1333 1543 1392 1638 qui
1411 1543 1448 1614 in

279 1653 423 1748 proprio
443 1659 617 1724 conventu
640 1653 864 1724 doctissimos
884 1653 1076 1746 magistros
1101 1654 1302 1725 audiebant.
1320 1655 1447 1750 Neque

278 1764 370 1836 forte
406 1765 452 1836 ad
478 1763 763 1853 Universitatem‚
796 1765 864 1836 nisi
889 1757 1043 1836 ¹fuissent
1070 1787 1161 1836 anno
1197 1765 1290 1837 1502
1318 1765 1443 1854 coacti,

283 1875 474 1947 rediissent
494 1885 518 1946 ².
536 1875 769 1968 Theologiam
783 1898 911 1969 nempe
932 1897 954 1946 a
971 1875 1251 1946 mendicantibus
1271 1876 1450 1948 ordinibus

266 1987 463 2082 praecipue
486 1986 599 2057 fnisse
632 1987 808 2058 excultam
839 1986 1014 2080 significat
1036 1986 1260 2058 Valladerins
1284 1987 1340 2058 his
1367 2011 1448 2060 ver-

283 2099 337 2170 bis
360 2122 368 2170 :
392 2127 408 2164 «
429 2121 473 2170 ex
489 2121 636 2193 quorum
654 2095 919 2195 (coenobiorum)
934 2098 1063 2169 tabulis
1081 2098 1229 2192 expensi
1247 2107 1281 2169 et
1297 2100 1445 2192 accepti,

285 2220 319 2282 et
332 2233 376 2282 ex
388 2210 476 2304 ipsis
494 2231 632 2305 quoque
650 2209 837 2298 subselliis,
859 2232 938 2306 quae
958 2209 1072 2281 adhuc
1088 2210 1240 2280 existant
1255 2209 1266 2247 ³
1282 2210 1318 2280 in
1331 2211 1450 2288 Domi-

283 2322 385 2410 nicis,
421 2321 661 2416 animadverti,
694 2321 848 2416 inibique
876 2321 1096 2414 Theologiae,
1135 2321 1448 2420 Philosophiaeque

285 2433 478 2506 certamina
506 2433 650 2504 adeum
671 2433 823 2521 modum,
855 2457 922 2529 quo
948 2433 1096 2505 Parisiis
1122 2433 1293 2522 videmus,
1316 2435 1451 2528 Magis-

283 2555 358 2616 tros
374 2552 552 2638 praeterea
571 2543 764 2640 etquidem
782 2543 937 2616 illustres
957 2567 999 2616 eo
1018 2553 1177 2639 tempore
1196 2544 1353 2639 viguisse
1373 2543 1386 2583 ⁴¹
1411 2575 1446 2618 o.

284 2657 447 2728 Fratrum
470 2678 608 2752 quoqne
623 2655 801 2727 Minorum
823 2679 843 2726 e
868 2657 1030 2728 coenobio
1056 2679 1225 2750 egressus
1250 2665 1326 2729 erat
1340 2658 1451 2730 Fran-

286 2769 402 2840 cisous
421 2768 642 2856 Lambertus,
664 2767 814 2861 insignis
838 2768 929 2839 inter
951 2767 1221 2840 avenionenses
1245 2769 1445 2864 theologus,

287 2879 355 2976 qui,
383 2903 488 2976 quum
508 2887 718 2951 conventum
741 2879 893 2972 fugisset
910 2877 1043 2976 (1522),
1071 2879 1327 2952 Lutheranicos
1349 2903 1452 2953 secu-

284 3002 340 3064 tus
376 2999 431 3062 est
460 3013 612 3077 errores,
648 3013 865 3088 uxoremque
895 2991 992 3072 duxit
1018 3014 1109 3063 anno
1154 2991 1247 3064 1523
1277 2992 1302 3064 ⁵.
1336 2991 1449 3066 Paulo
1542 3029 1545 3035 ·

284 3111 382 3199 post,
415 3103 510 3174 circa
546 3126 675 3176 annum
712 3103 815 3191 1527,
864 3133 881 3169 «
915 3104 1045 3174 samma·
1081 3103 1238 3176 doctoris
1279 3113 1316 3176 ct
1345 3129 1450 3202 prco-

285 3205 381 3290 000010
423 3215 547 3310 magni
583 3215 655 3286 Dei
689 3213 701 3252 ⁶
739 3215 923 3288 lectionem
953 3216 1157 3311 precabare
1200 3224 1310 3311 atquc
1347 3216 1450 3288 illos-

287 3337 389 3399 10000
418 3351 491 3425 pro
529 3351 596 3398 suo
627 3335 737 3423 porte
775 3336 923 3400 conatos
961 3335 1016 3398 est
1049 3357 1065 3394 »
1097 3328 1256 3400 Joannes
1288 3326 1448 3412 Nicolat',

287 3440 475 3534 episcopus
510 3439 615 3533 Aptae
653 3440 777 3528 Juliae3
823 3464 890 3536 quo
933 3440 1080 3534 egregio
1120 3441 1215 3512 facto
1256 3441 1372 3533 magis
1408 3463 1449 3512 ac

286 3551 400 3644 magis
430 3551 495 3622 sibi
522 3551 676 3622 devinxit
701 3551 723 3621 J
727 3551 876 3623 acobum
901 3552 1115 3638 Sadoletum,
1148 3552 1206 3647 qui
1237 3553 1273 3622 in
1302 3552 1452 3645 epistola

287 3664 425 3734 adeum
439 3663 549 3734 missa
573 3663 714 3757 scripsit
735 3686 743 3734 :
770 3692 786 3728 «
807 3663 885 3734 urbi
903 3664 1007 3736 etiam
1025 3663 1084 3734 isti
1104 3663 1345 3735 avenionensi
1366 3684 1451 3756 gra-

286 3775 378 3846 tulor
399 3798 407 3845 :
428 3762 552 3870 inqua
573 3775 603 3846 si
627 3775 708 3846 haec
729 3775 850 3868 vigere
876 3777 991 3848 studia
1013 3784 1047 3846 et
1072 3776 1335 3869 germinascere
1362 3777 1452 3850 inci·

287 3888 394 3981 pient,
435 3895 610 3959 tantorum
643 3888 843 3981 praesertim
880 3889 1001 3983 adjuta
1038 3887 1245 3960 auctoritate
1282 3888 1448 3980 virorum,

287 3998 475 4072 maximum
497 3998 547 4070 illi
572 3999 703 4071 civitati
735 4022 805 4072 non
833 4000 938 4073 modo
967 4009 1221 4090 ornamentum,
1256 4000 1470 4074 sedetiam

325 4215 458 4321 0100..
474 4253 542 4313 reto.
558 4288 594 4300 -
609 4255 699 4324 elna,
713 4259 789 4314 oret.

323 4343 349 4394 2.
367 4345 452 4395 Mam.
466 4360 519 4396 scr
535 4345 637 4398 l’Unc'o.
653 4345 796 4415 d'Aolgn.‚
813 4341 835 4398 f⁰
848 4347 893 4400 71.

323 4427 348 4480 3.
367 4425 428 4482 lloec
444 4427 576 4483 subsellia
589 4445 618 4484 se
634 4427 735 4485 vidisse
751 4431 793 4485 liis
809 4431 897 4486 verbis
911 4437 1028 4487 testatur
1041 4424 1222 4487 Valladerium

323 4514 349 4567 4.
365 4505 495 4578 Vincam,
513 4512 580 4570 ibid.

325 4599 350 4652 5.
367 4597 449 4653 Caua.
465 4597 559 4666 lacn,
577 4601 655 4663 reto„
673 4609 691 4657 t.
708 4599 752 4662 lll,
768 4600 790 4657 1ο
805 4604 851 4656 151
872 4609 910 4669 00,
928 4604 990 4676 131,
1005 4563 1068 4661 aaa

325 4684 351 4740 θ,
368 4681 483 4739 Sanctus
497 4683 597 4741 Paulus
611 4687 653 4742 his
668 4687 759 4744 verbis
773 4683 919 4748 indicatur·
