3686 5590
416 555 455 622 86
766 577 1002 623 unrvnnsrmrrs
1024 573 1243 622 m'surounuus

419 694 505 790 giis,
549 704 623 768 tum
659 693 828 791 publicis,
868 719 973 793 quum
1005 693 1110 768 etiam
1137 693 1297 790 privatis,
1334 692 1453 790 adjuta
1484 699 1588 793 atque

420 818 544 882 ornata
560 809 702 882 fuerint.

468 923 662 995 Doctorum
688 921 794 996 etiam
814 923 905 994 tilios
931 923 1033 1017 leges
1059 923 1195 995 eaedem
1223 921 1410 994 tuebantur
1431 945 1473 996 ac
1493 922 1591 995 fove-

420 1033 522 1123 bant;
563 1057 641 1107 mos
679 1035 772 1106 enim
805 1043 882 1106 erat
912 1033 1093 1129 juvenem,
1127 1043 1228 1128 patre
1267 1033 1411 1134 doctore
1452 1035 1586 1122 orbum,

427 1175 444 1212 «
458 1145 669 1218 doctoratus
685 1169 885 1243 conpensu»,
899 1147 955 1218 vel
965 1146 1082 1240 potius
1099 1146 1271 1240 impensa,
1282 1146 1471 1218 immunem
1486 1169 1567 1218 esse
1580 1169 1588 1234 ;

421 1259 465 1330 de
493 1281 561 1354 quo
589 1267 723 1330 tantum
752 1258 946 1350 singularia
981 1259 1041 1332 illa
1073 1257 1287 1331 Cadecombi
1320 1259 1429 1331 verba
1456 1258 1592 1330 referre

420 1369 527 1442 liceat
548 1394 555 1441 :
582 1399 598 1436 «
614 1371 779 1443 Doctoris
799 1371 870 1443 filio
896 1371 1100 1443 doctoratus
1122 1393 1281 1464 expensa
1296 1393 1340 1442 ne
1355 1370 1591 1465 imputetur...

423 1482 525 1564 Quod
542 1481 617 1553 sine
639 1482 707 1554 hac
727 1505 886 1576 expensa
902 1481 995 1553 filius
1019 1482 1175 1554 doctoris
1191 1482 1309 1555 vivere
1332 1506 1402 1554 non
1427 1490 1592 1576 potest...

421 1603 496 1664 tum
514 1601 549 1664 et
573 1593 655 1689 quia
681 1602 794 1666 mater
815 1594 959 1688 propria
978 1593 1212 1665 sollicitudine
1236 1592 1345 1664 fflium
1364 1594 1408 1665 ad
1435 1594 1597 1665 doctora-

422 1713 496 1776 tum
510 1705 742 1798 proponebat,
760 1713 797 1775 ut
810 1705 902 1777 foret
921 1705 1073 1799 propriis
1089 1705 1269 1776 laboribus
1284 1705 1409 1776 domus
1428 1705 1597 1776 defensor

426 1826 461 1888 et
494 1816 638 1888 familiae
675 1816 889 1911 splendor...
928 1817 1018 1888 Filio
1060 1816 1215 1888 doctoris
1251 1816 1399 1890 debetur
1439 1837 1598 1910 expensa

426 1929 631 2000 doctoratus
655 1951 725 2000 non
752 1929 867 2000 minus
891 1951 995 2024 quam
1017 1927 1089 2000 filio
1113 1928 1322 1999 mercatoris
1350 1950 1508 2022 expensa
1532 1950 1597 2022 pro

425 2040 587 2112 tirocinio
606 2041 691 2112 artis
712 2052 719 2078 ¹
739 2070 773 2112 n.

477 2152 697 2223 Studentium
711 2175 796 2224 vero
815 2152 933 2241 multa,
954 2152 1122 2224 nonnulla
1138 2152 1277 2247 quidem
1303 2152 1472 2239 miranda,
1498 2152 1599 2224 fuere

427 2262 634 2356 privilegia;
665 2264 757 2334 inter
790 2287 869 2359 quae
896 2264 1047 2336 maxime
1076 2263 1385 2336 animadvertimus
1412 2263 1599 2334 multorum
1695 2271 1699 2281 '

428 2374 654 2467 vectigalium
670 2375 944 2446 immunitatem:
961 2375 1143 2447 studentes
1155 2375 1248 2446 enim
1259 2376 1303 2447 ad
1319 2405 1336 2440 «
1348 2374 1541 2470 superium
1559 2404 1593 2462 »,‚

429 2485 487 2557 vel
505 2486 550 2557 ad
570 2515 586 2550 «
608 2485 733 2556 talium
753 2516 784 2574 »,
805 2485 861 2557 vel
876 2487 922 2558 ad
945 2517 961 2552 «
978 2486 1369 2582 servitiumpcrsoaulc
1381 2516 1397 2552 u
1423 2486 1599 2558 anemine

431 2620 495 2668 seu
515 2626 532 2662 «
548 2596 701 2691 officiali
718 2626 750 2685 u,
772 2621 836 2669 seu
867 2599 943 2670 cive
969 2599 1051 2691 cogi
1072 2606 1252 2692 poterant;
1277 2599 1452 2694 iidemque
1468 2598 1599 2668 nullum

430 2709 487 2780 vel
516 2737 531 2773 1
556 2708 705 2805 pedupii
736 2739 770 2793 »,
802 2710 858 2782 vel
891 2739 907 2775 «
932 2709 1125 2804 sturulcyii
1149 2739 1185 2793 n,
1214 2710 1270 2781 vel
1300 2739 1315 2775 1(
1347 2709 1461 2780 lcudoc
1490 2738 1506 2774 »
1537 2710 1600 2803 jus

432 2814 711 2908 solvebant‚'seu
733 2845 798 2916 per
825 2851 841 2887 «
860 2822 1008 2894 nuncios
1033 2851 1049 2886 n
1081 2819 1211 2917 aliquid
1226 2822 1512 2908 transmitterent,
1535 2844 1599 2892 seu

430 2956 490 3004 res
512 2932 592 3002 usui
615 2941 649 3003 et
673 2926 755 3006 vitae
779 2933 1005 3005 necessarias
1028 2943 1200 3018 emerent.
1229 2933 1332 3015 Quod
1354 2955 1375 3004 a
1400 2933 1525 3004 Garolo
1550 2933 1595 3019 ll,
1660 2926 1662 2930 ’

431 3043 632 3116 Provinciae
670 3045 815 3133 Comite,
848 3068 940 3117 anno
981 3043 1074 3116 1303
1108 3036 1393 3138 impetraverant,
1433 3045 1491 3140 qui
1531 3044 1600 3114 illis

432 3156 538 3228 etiam
556 3157 735 3228 concessit
758 3166 795 3227 ut
813 3155 923 3228 libere
945 3179 986 3228 ac
1010 3164 1084 3228 tute
1102 3155 1322 3228 Avenionem
1342 3157 1461 3227 venire
1482 3165 1541 3228 aut
1557 3156 1600 3227 ab

431 3268 518 3338 urbe
535 3267 720 3348 discedere
744 3276 902 3362 possent,
922 3269 1179 3364 pecuniamque
1203 3291 1324 3338 secum
1342 3275 1377 3338 et
1399 3267 1602 3360 supellecti-

430 3379 501 3450 lem
517 3379 657 3450 auferre
677 3390 701 3451 ².
726 3379 870 3451 Addunt
888 3381 994 3451 etiam
1016 3379 1156 3475 quidam
1174 3379 1334 3450 historici
1361 3408 1377 3444 «
1398 3379 1559 3474 pubellos
1580 3408 1597 3443 »

433 3486 468 3548 et
498 3477 686 3570 vectigalia
713 3479 945 3566 studentibus,
978 3478 1144 3572 imposita
1167 3500 1238 3548 non
1265 3477 1397 3565 fuisse3
1429 3501 1497 3572 quo
1519 3477 1602 3570 jure

431 3589 554 3660 forsan
572 3598 608 3660 et
628 3589 794 3661 doctores
819 3590 1045 3678 fruebantur;
1072 3597 1229 3676 atcerte,
1251 3611 1343 3660 anno
1366 3589 1470 3676 1447,
1497 3607 1602 3684 quum

432 3700 648 3772 NicolausV
664 3731 679 3766 «
696 3701 892 3797 putrellas»
913 3724 955 3772 ac
977 3729 993 3766 «
1009 3700 1201 3796 vectipoliu
1220 3729 1236 3765 »
1262 3723 1283 3772 a
1300 3700 1434 3771 civibus
1449 3699 1603 3772 Avenie-

433 3812 603 3883 nensibus
619 3813 764 3906 exigere
780 3813 961 3907 coepisset,
983 3812 1203 3884 studentibus
1217 3811 1464 3882 liberalissime
1476 3834 1604 3905 peper-

435 3923 492 4012 cit,
514 3947 602 4019 quos
619 3925 688 3996 illis
706 3925 911 3997 muneribus
927 3925 1061 3996 liberos
1079 3923 1284 3995 declaravit.
1303 3923 1367 3994 llla
1386 3923 1604 3994 immunitate

435 4035 617 4107 studentes
640 4037 695 4108 usi
717 4044 808 4125 sunt,
838 4037 1076 4124 donec,anno
1098 4035 1201 4123 1554,
1225 4034 1355 4106 civitati
1373 4034 1409 4104 in
1427 4034 1603 4128 Hugono-

432 4147 522 4219 ticos
549 4147 678 4220 auxilia
699 4148 852 4244 undique
876 4147 1024 4242 paranti,
1053 4146 1276 4220 Universitas
1304 4168 1386 4218 sese
1410 4168 1476 4240 per
1493 4145 1604 4218 trien-

471 4393 495 4444 1.
510 4390 675 4459 Cunuconn„
688 4399 761 4452 Noc.
779 4397 865 4466 disq..
881 4412 908 4467 p.
924 4396 969 4451 82.

469 4479 496 4530 2.
512 4482 590 4532 Ball.
610 4482 687 4533 ctutt.
703 4485 805 4540 Auen..
821 4496 847 4550 p.
863 4481 907 4534 59.
923 4483 1068 4550 Anparta,
1086 4495 1169 4536 onera
1183 4478 1257 4552 agris
1272 4485 1299 4533 et
1314 4476 1441 4549 personis
1460 4473 1603 4546 imposita.
1629 4537 1632 4542 Δ

433 4568 577 4631 Ampor-ec
601 4572 629 4618 ut
656 4568 800 4634 Artoarta,
824 4564 963 4636 praestatio
979 4565 1169 4634 jumentorum
1183 4564 1227 4620 vel
1240 4563 1426 4634 plaustrorum
1443 4561 1603 4630 (Ducnuou).

435 4650 652 4716 Starclcptum,
675 4649 840 4712 antemisit,
866 4659 990 4718 autnon
1015 4649 1090 4703 novit
1112 4648 1241 4724 Congius,
1265 4664 1280 4703 a
1304 4662 1359 4728 quo
1380 4655 1472 4709 tamen
1490 4645 1605 4708 verbum

415 4781 418 4785 .
435 4731 563 4808 gallicum
582 4735 747 4812 Setrellope
760 4750 809 4813 pro
825 4733 945 4797 sestario
963 4733 1106 4814 accipitur,
1178 4725 1180 4730 ⁴
