3676 5592
427 505 467 580 52
776 527 1014 580 uttrvunsrrnrts
1035 527 1255 580 Arsuroxsxsrs'

426 677 492 748 par
506 653 641 726 muneri
654 653 887 748 judicaretur,
909 655 953 726 ah
967 655 1206 726 Universitate
1226 652 1430 747 magisterio
1446 651 1594 724 donatus

425 767 518 838 inter
545 776 764 860 aggregatos
794 776 1023 859 cooptaretur
1052 779 1077 837 ¹.
1106 765 1298 859 Discipulis
1326 765 1486 859 magistri
1514 765 1596 836 doc-

425 881 517 951 trina
543 878 704 971 insignes
725 879 866 950 omnino
892 903 932 951 se
950 879 1127 950 dedebant
1147 903 1155 949 :
1179 900 1341 972 namque,
1365 899 1457 948 anno
1487 877 1589 963 1691,

426 991 495 1062 duo
521 991 607 1062 RR.
632 991 772 1077 Patres,
798 1014 947 1086 quorum
969 991 1059 1063 alter
1082 990 1326 1083 Theologiam,
1361 989 1448 1060 alter
1475 987 1594 1060 Philo-

427 1102 589 1197 sophiam
619 1101 862 1196 profitebatnr,
901 1103 1116 1196 duplicatum
1142 1105 1292 1195 pens'um
1324 1101 1415 1171 ultro
1442 1122 1594 1194 perege-

425 1223 516 1301 runt,
552 1237 617 1306 per
645 1222 806 1309 quatuor,
841 1214 937 1285 nulla
965 1214 1239 1300 intermissione,
1265 1213 1379 1284 'horas
1410 1212 1591 1283 docentes.

424 1325 606 1418 Collegam
622 1348 706 1397 vero
723 1326 832 1396 Pater
850 1325 1009 1407 Barbat,
1026 1325 1261 1418 philosophiae
1280 1323 1476 1417 professor,
1497 1322 1595 1393 laho-

425 1436 474 1507 ris
491 1436 660 1530 patientia
680 1457 751 1507 non
763 1437 880 1507 solum
898 1437 1062 1532 aequavit,
1084 1437 1149 1508 sed
1162 1437 1299 1508 liberali
1314 1436 1418 1507 etiam
1433 1433 1594 1528 pecuniae

427 1547 608 1642 superavit
636 1548 809 1641 impensa,
850 1549 979 1644 quippe
1015 1549 1073 1644 qui
1107 1548 1328 1636 auditorium,
1361 1570 1454 1619 anno
1488 1545 1592 1627 1695,

425 1659 569 1754 proprio
586 1669 726 1752 sumptu
743 1661 963 1754 reparaverit
979 1672 1004 1730 ³.

473 1770 521 1842 At
548 1771 757 1864 Theologiae
789 1772 967 1860 doctores,
992 1773 1047 1844 rel
1074 1795 1233 1859 numero,
1252 1772 1310 1843 vel
1330 1781 1400 1843 tam
1422 1791 1593 1864 prospero

425 1905 597 1955 successu
612 1881 705 1966 elati,
724 1883 1040 1955 baccalaureorum
1056 1894 1091 1955 et
1108 1884 1366 1956 licentiatorum
1386 1903 1595 1976 promoven-

425 1995 560 2082 dorum,
588 1994 664 2065 sine
685 1994 883 2066 Primicerii
907 1996 1128 2082 anctoritate,
1147 1996 1325 2066 licentiam
1344 1995 1410 2065 sibi
1425 2015 1593 2086 arrogare

424 2106 529 2200 paulo
558 2114 640 2199 post
664 2113 899 2192 tentaverunt,
931 2130 1023 2178 anno
1056 2108 1149 2179 1698
1166 2107 1192 2177 ³.
1221 2108 1354 2178 Verum
1379 2107 1423 2178 ab
1451 2105 1591 2197 incepto

425 2218 600 2290 desistere
618 2197 732 2290 coacti
744 2219 858 2290 fuere.
874 2219 1133 2315 Nequidquam,
1153 2243 1245 2291 anno
1265 2219 1368 2307 1701,
1390 2219 1433 2289 de
1447 2216 1591 2289 honoris

422 2329 536 2423 gradu
551 2352 631 2400 cum
645 2330 782 2423 Legum
797 2330 981 2402 Facultate
999 2333 1215 2403 contendere
1233 2331 1418 2402 voluerunt
1439 2328 1465 2399 ⁴.
1488 2328 1591 2398 Unde

425 2440 604 2534 conjicere
623 2440 716 2528 licet,
739 2441 776 2511 ni
795 2441 958 2530 fallimur,
978 2443 1187 2536 Theologiae
1209 2442 1429 2513 Facultatem
1448 2439 1592 2510 multum

423 2554 459 2624 in
481 2552 744 2646 amplitudinem
769 2554 927 2625 crevisse
950 2578 958 2625 :
981 2577 1085 2650 quam
1110 2555 1272 2625 ditiorem
1297 2576 1436 2649 qnoque
1463 2551 1592 2622 factam

426 2686 509 2737 esse
531 2663 652 2760 liquet,
686 2688 792 2760 quum
815 2665 1066 2738 Universitatis
1084 2667 1313 2738 Primicerius
1341 2688 1363 2736 a
1382 2662 1589 2755 Theologiee

425 2775 606 2870 magistris
627 2776 816 2870 vectigalia
835 2778 981 2871 exigere
996 2779 1178 2872 inceperit,
1203 2801 1282 2874 quae
1299 2801 1320 2849 a
1335 2777 1463 2848 ceteris
1478 2774 1591 2846 adhuc

426 2887 629 2960 doctoribus
656 2899 880 2982 perceperat.
916 2890 970 2962 Ea
996 2891 1169 2985 profecto,
1203 2891 1233 2961 si
1261 2890 1400 2962 modica
1427 2887 1587 2970 fuissent,

428 2999 741 3093 contempsisset⁵.
1024 3079 1027 3090 ,

474 3109 641 3183 Testatur
676 3111 783 3182 etiam
807 3111 970 3206 ejusdem
995 3115 1191 3187 Facultatis
1213 3115 1469 3185 incrementum
1503 3131 1595 3182 nova

426 3221 634 3316 Theologiae
651 3223 820 3295 cathedra
830 3225 1025 3309 Avenione,
1046 3237 1171 3299 octavo
1187 3227 1324 3298 decimo
1338 3224 1482 3310 saeculo,
1498 3223 1595 3293 insti-

427 3343 524 3424 tuta;
543 3357 623 3430 quae
639 3358 660 3406 a
675 3334 826 3428 collegio
840 3338 1035 3427 doctorum,
1059 3362 1151 3411 anno
1171 3340 1274 3424 1719,
1290 3347 1370 3410 ante
1386 3337 1479 3408 diem
1493 3347 1597 3431 quar*

425 3455 498 3518 tnm
513 3446 596 3517 Kal.
613 3447 634 3517 J
638 3447 700 3534 ul.,
719 3457 796 3518 rata
814 3448 878 3518 fuit
902 3459 1007 3546 atque
1028 3452 1237 3545 approbata.
1257 3450 1291 3522 A
1312 3450 1493 3521 conditore
1514 3447 1593 3518 Ste-

427 3560 544 3654 phano
558 3558 724 3652 Mitteret
737 3567 904 3631 statutum
917 3563 993 3650 fuit,
1015 3564 1103 3634 utin
1119 3587 1163 3635 ea
1178 3564 1368 3635 doceretur
1386 3561 1426 3633 S*
1447 3561 1593 3631 Thomae

428 3671 544 3743 ethica
557 3694 600 3742 eo
617 3671 751 3758 ordine,
773 3695 876 3767 quem
891 3674 1106 3748 Franciscus
1127 3676 1299 3748 Genettus
1314 3675 1350 3745 in
1366 3704 1382 3738 α
1405 3671 1594 3766 1110010910

309 3790 313 3797 “
427 3782 560 3884 morali
579 3812 596 3849 »
617 3783 830 3878 probaverat
856 3783 882 3857 ⁶.
911 3787 1012 3859 Tunc
1038 3789 1146 3883 igitur
1171 3789 1251 3859 dnae
1284 3795 1384 3860 erant
1410 3785 1593 3857 Avenione

466 3990 489 4042 1.
516 3989 601 4041 hie'm.
621 4002 675 4040 sur
693 3986 797 4042 l’Unio.
823 3987 966 4060 d'Aoign.‚
989 3989 1012 4044 i⁰
1033 3994 1085 4047 203
1109 4001 1148 4048 γ’.
1167 4023 1200 4033 -
1216 3995 1317 4047 Ptdces
1341 3995 1427 4046 relat.
1449 3995 1467 4044 ἁ
1490 3991 1592 4044 l'b'nto.

430 4074 572 4143 d’Anign„
595 4079 613 4126 t.
631 4068 664 4136 11,
682 4069 761 4126 996.

465 4162 491 4212 9.
508 4161 593 4211 Mem.
608 4172 661 4210 sur
675 4158 778 4211 l'Unio.
796 4159 938 4230 d'Aoipn„
956 4159 978 4215 1·’
994 4165 1046 4217 217
1061 4170 1090 4217 r⁰
1102 4171 1129 4218 et
1145 4166 1197 4216 2¹8
1213 4171 1250 4218 r0.

466 4245 492 4298 3.
508 4243 591 4301 ibid„
609 4238 631 4296 9
648 4242 708 4296 136.

464 4334 491 4384 t.
508 4328 591 4387 ibid„
606 4323 703 4380 10213.

467 4417 494 4469 d.
510 4413 592 4472 ibid,
607 4409 629 4464 1·
644 4414 707 4466 268.

464 4504 490 4554 6.
508 4498 590 4557 istd,
608 4495 706 4550 i02'lff.
722 4525 757 4538 -
769 4496 876 4555 Genetti
890 4500 1060 4574 epitaphium
1076 4506 1115 4558 stc
1130 4503 1244 4576 incipit:
1266 4506 1318 4559 Htc
1329 4507 1406 4572 jacet
1420 4505 1593 4558 Franctscns

431 4591 530 4645 Genet,
545 4583 662 4636 Vasion.
676 4585 797 4653 episcop.
805 4587 919 4652 jurr'nm
935 4591 1053 4643 Sarrctoe
1064 4591 1149 4644 Sedis
1163 4609 1197 4644 ac
1207 4595 1312 4644 santmt
1324 4594 1475 4659 Pontifices
1489 4591 1594 4642 oindeec

430 4671 601 4728 acerrimus,
625 4668 776 4736 theologice
797 4675 918 4724 moratis
939 4676 1047 4728 arctior
1068 4675 1242 4731 doctissimis
1264 4694 1322 4730 non
1347 4680 1474 4746 impar...
1491 4674 1592 4746 (Baua,

427 4758 530 4824 Due).
