<?xml version="1.0" encoding="UTF-8"?>
<!DOCTYPE html PUBLIC "-//W3C//DTD XHTML 1.0 Transitional//EN"
    "http://www.w3.org/TR/xhtml1/DTD/xhtml1-transitional.dtd">
<html xmlns="http://www.w3.org/1999/xhtml" xml:lang="en" lang="en">
 <head>
  <title>
</title>
<meta http-equiv="Content-Type" content="text/html;charset=utf-8" />
  <meta name='ocr-system' content='tesseract 3.04.00' />
  <meta name='ocr-capabilities' content='ocr_page ocr_carea ocr_par ocr_line ocrx_word'/>
</head>
<body>
  <div class='ocr_page' id='page_1' title='image "./universitatisav00bardgoog_0073.png"; bbox 0 0 3686 5590; ppageno 0'>
   <div class='ocr_carea' id='block_1_1' title="bbox 444 519 1266 588">
    <p class='ocr_par' dir='ltr' id='par_1_1' title="bbox 444 519 1266 588">
     <span class='ocr_line' id='line_1_1' title="bbox 444 519 1266 588; baseline -0.004 0"><span class='ocrx_word' id='word_1_1' title='bbox 444 519 483 588; x_wconf 82' lang='grc'>66</span> <span class='ocrx_word' id='word_1_2' title='bbox 791 536 1025 586; x_wconf 77' lang='lat' dir='ltr'>uurvunsrrnrrs</span> <span class='ocrx_word' id='word_1_3' title='bbox 1047 534 1266 587; x_wconf 75' lang='lat' dir='ltr'>uvsutorvnusrs</span> 
     </span>
    </p>
   </div>
   <div class='ocr_carea' id='block_1_2' title="bbox 371 655 1609 4315">
    <p class='ocr_par' dir='ltr' id='par_1_2' title="bbox 441 655 1609 974">
     <span class='ocr_line' id='line_1_2' title="bbox 442 655 1603 753; baseline -0.001 -23"><span class='ocrx_word' id='word_1_4' title='bbox 442 667 599 753; x_wconf 89' lang='lat' dir='ltr'>poterat;</span> <span class='ocrx_word' id='word_1_5' title='bbox 618 655 735 752; x_wconf 88' lang='lat' dir='ltr'>inqua</span> <span class='ocrx_word' id='word_1_6' title='bbox 752 663 870 728; x_wconf 88' lang='lat' dir='ltr'>tamen</span> <span class='ocrx_word' id='word_1_7' title='bbox 889 680 931 728; x_wconf 92' lang='lat' dir='ltr'>eo</span> <span class='ocrx_word' id='word_1_8' title='bbox 948 657 1122 730; x_wconf 90' lang='lat' dir='ltr'>difficilius</span> <span class='ocrx_word' id='word_1_9' title='bbox 1138 681 1197 730; x_wconf 89' lang='lat' dir='ltr'>res</span> <span class='ocrx_word' id='word_1_10' title='bbox 1211 658 1361 729; x_wconf 80' lang='lat' dir='ltr'>feliciter</span> <span class='ocrx_word' id='word_1_11' title='bbox 1379 655 1603 746; x_wconf 80' lang='lat' dir='ltr'>succedebat,</span> 
     </span>
     <span class='ocr_line' id='line_1_3' title="bbox 444 768 1609 865; baseline 0.002 -25"><span class='ocrx_word' id='word_1_12' title='bbox 444 771 537 865; x_wconf 93' lang='lat' dir='ltr'>quod</span> <span class='ocrx_word' id='word_1_13' title='bbox 552 769 703 840; x_wconf 79' lang='lat' dir='ltr'>studenti</span> <span class='ocrx_word' id='word_1_14' title='bbox 723 777 872 864; x_wconf 92' lang='lat' dir='ltr'>quatuor</span> <span class='ocrx_word' id='word_1_15' title='bbox 881 769 1021 862; x_wconf 87' lang='lat' dir='ltr'>judices</span> <span class='ocrx_word' id='word_1_16' title='bbox 1038 771 1171 858; x_wconf 90' lang='lat' dir='ltr'>sortito,</span> <span class='ocrx_word' id='word_1_17' title='bbox 1193 769 1353 840; x_wconf 91' lang='lat' dir='ltr'>omnibus</span> <span class='ocrx_word' id='word_1_18' title='bbox 1366 769 1470 841; x_wconf 91' lang='lat' dir='ltr'>etiam</span> <span class='ocrx_word' id='word_1_19' title='bbox 1489 768 1609 842; x_wconf 88' lang='lat' dir='ltr'>docto-</span> 
     </span>
     <span class='ocr_line' id='line_1_4' title="bbox 441 881 1605 974; baseline -0.002 -22"><span class='ocrx_word' id='word_1_20' title='bbox 441 883 538 952; x_wconf 84' lang='lat' dir='ltr'>ribus</span> <span class='ocrx_word' id='word_1_21' title='bbox 554 881 801 952; x_wconf 83' lang='lat' dir='ltr'>assistentibus</span> <span class='ocrx_word' id='word_1_22' title='bbox 817 890 851 950; x_wconf 87' lang='lat' dir='ltr'>et</span> <span class='ocrx_word' id='word_1_23' title='bbox 869 881 1177 974; x_wconf 81' lang='lat' dir='ltr'>interrogantibus,</span> <span class='ocrx_word' id='word_1_24' title='bbox 1195 891 1271 953; x_wconf 89' lang='lat' dir='ltr'>erat</span> <span class='ocrx_word' id='word_1_25' title='bbox 1283 881 1569 974; x_wconf 89' lang='lat' dir='ltr'>respondendum</span> <span class='ocrx_word' id='word_1_26' title='bbox 1581 890 1605 951; x_wconf 88' lang='lat'>¹.</span> 
     </span>
    </p>

    <p class='ocr_par' dir='ltr' id='par_1_3' title="bbox 439 990 1608 1976">
     <span class='ocr_line' id='line_1_5' title="bbox 489 990 1608 1087; baseline 0.001 -24"><span class='ocrx_word' id='word_1_27' title='bbox 489 993 590 1077; x_wconf 86' lang='lat' dir='ltr'>Dein,</span> <span class='ocrx_word' id='word_1_28' title='bbox 607 991 761 1062; x_wconf 90' lang='lat' dir='ltr'>admisso</span> <span class='ocrx_word' id='word_1_29' title='bbox 774 991 935 1078; x_wconf 90' lang='lat' dir='ltr'>studenti,</span> <span class='ocrx_word' id='word_1_30' title='bbox 952 1002 1139 1087; x_wconf 86' lang='lat' dir='ltr'>postquam</span> <span class='ocrx_word' id='word_1_31' title='bbox 1151 1015 1232 1063; x_wconf 87' lang='lat' dir='ltr'>sese</span> <span class='ocrx_word' id='word_1_32' title='bbox 1237 991 1470 1086; x_wconf 84' lang='lat' dir='ltr'>jurejurando</span> <span class='ocrx_word' id='word_1_33' title='bbox 1480 990 1608 1064; x_wconf 88' lang='lat' dir='ltr'>Catho-</span> 
     </span>
     <span class='ocr_line' id='line_1_6' title="bbox 439 1097 1607 1195; baseline -0.001 -21"><span class='ocrx_word' id='word_1_34' title='bbox 439 1104 519 1175; x_wconf 82' lang='lat' dir='ltr'>licae</span> <span class='ocrx_word' id='word_1_35' title='bbox 534 1103 698 1174; x_wconf 84' lang='lat' dir='ltr'>ecclesiae</span> <span class='ocrx_word' id='word_1_36' title='bbox 712 1111 746 1172; x_wconf 92' lang='lat' dir='ltr'>et</span> <span class='ocrx_word' id='word_1_37' title='bbox 757 1101 948 1172; x_wconf 86' lang='lat' dir='ltr'>Galliarum</span> <span class='ocrx_word' id='word_1_38' title='bbox 960 1103 1056 1195; x_wconf 90' lang='lat' dir='ltr'>regis</span> <span class='ocrx_word' id='word_1_39' title='bbox 1077 1103 1192 1190; x_wconf 88' lang='lat' dir='ltr'>fidem,</span> <span class='ocrx_word' id='word_1_40' title='bbox 1213 1127 1279 1174; x_wconf 91' lang='lat' dir='ltr'>nec</span> <span class='ocrx_word' id='word_1_41' title='bbox 1294 1125 1364 1173; x_wconf 93' lang='lat' dir='ltr'>uon</span> <span class='ocrx_word' id='word_1_42' title='bbox 1376 1110 1410 1173; x_wconf 89' lang='lat' dir='ltr'>et</span> <span class='ocrx_word' id='word_1_43' title='bbox 1425 1097 1607 1174; x_wconf 81' lang='lat' dir='ltr'>doctorum</span> 
     </span>
     <span class='ocr_line' id='line_1_7' title="bbox 441 1213 1606 1306; baseline -0.002 -20"><span class='ocrx_word' id='word_1_44' title='bbox 441 1215 596 1287; x_wconf 90' lang='lat' dir='ltr'>omnium</span> <span class='ocrx_word' id='word_1_45' title='bbox 623 1213 867 1298; x_wconf 88' lang='lat' dir='ltr'>reverentiam,</span> <span class='ocrx_word' id='word_1_46' title='bbox 905 1214 1091 1306; x_wconf 80' lang='lat' dir='ltr'>diligenter</span> <span class='ocrx_word' id='word_1_47' title='bbox 1125 1215 1392 1286; x_wconf 87' lang='lat' dir='ltr'>observaturum</span> <span class='ocrx_word' id='word_1_48' title='bbox 1419 1213 1606 1284; x_wconf 87' lang='lat' dir='ltr'>confirma-</span> 
     </span>
     <span class='ocr_line' id='line_1_8' title="bbox 439 1325 1605 1419; baseline 0 -24"><span class='ocrx_word' id='word_1_49' title='bbox 439 1335 549 1410; x_wconf 82' lang='lat' dir='ltr'>verat,</span> <span class='ocrx_word' id='word_1_50' title='bbox 578 1325 705 1394; x_wconf 83' lang='lat' dir='ltr'>litterae</span> <span class='ocrx_word' id='word_1_51' title='bbox 730 1325 1024 1411; x_wconf 86' lang='lat' dir='ltr'>concedebantur,</span> <span class='ocrx_word' id='word_1_52' title='bbox 1056 1348 1134 1419; x_wconf 82' lang='lat' dir='ltr'>quae</span> <span class='ocrx_word' id='word_1_53' title='bbox 1158 1325 1281 1395; x_wconf 91' lang='lat' dir='ltr'>merito</span> <span class='ocrx_word' id='word_1_54' title='bbox 1308 1325 1472 1395; x_wconf 90' lang='lat' dir='ltr'>collatum</span> <span class='ocrx_word' id='word_1_55' title='bbox 1494 1325 1605 1395; x_wconf 88' lang='lat' dir='ltr'>fuisse</span> 
     </span>
     <span class='ocr_line' id='line_1_9' title="bbox 439 1435 1607 1530; baseline -0.002 -24"><span class='ocrx_word' id='word_1_56' title='bbox 439 1437 586 1530; x_wconf 89' lang='lat' dir='ltr'>gradum</span> <span class='ocrx_word' id='word_1_57' title='bbox 617 1435 861 1527; x_wconf 87' lang='lat' dir='ltr'>significabant</span> <span class='ocrx_word' id='word_1_58' title='bbox 889 1447 912 1504; x_wconf 82' lang='lat'>².</span> <span class='ocrx_word' id='word_1_59' title='bbox 941 1435 997 1506; x_wconf 85' lang='lat' dir='ltr'>Sic</span> <span class='ocrx_word' id='word_1_60' title='bbox 1025 1436 1060 1504; x_wconf 92' lang='lat' dir='ltr'>in</span> <span class='ocrx_word' id='word_1_61' title='bbox 1087 1437 1256 1507; x_wconf 88' lang='lat' dir='ltr'>societate</span> <span class='ocrx_word' id='word_1_62' title='bbox 1285 1435 1496 1506; x_wconf 86' lang='lat' dir='ltr'>studentium</span> <span class='ocrx_word' id='word_1_63' title='bbox 1519 1436 1607 1506; x_wconf 88' lang='lat' dir='ltr'>varii</span> 
     </span>
     <span class='ocr_line' id='line_1_10' title="bbox 442 1546 1604 1640; baseline 0 -22"><span class='ocrx_word' id='word_1_64' title='bbox 442 1548 596 1633; x_wconf 69' lang='lat' dir='ltr'>ordines</span> <span class='ocrx_word' id='word_1_65' title='bbox 619 1555 722 1638; x_wconf 86' lang='lat' dir='ltr'>prout</span> <span class='ocrx_word' id='word_1_66' title='bbox 744 1546 890 1640; x_wconf 92' lang='lat' dir='ltr'>quisque</span> <span class='ocrx_word' id='word_1_67' title='bbox 913 1546 947 1616; x_wconf 92' lang='lat' dir='ltr'>in</span> <span class='ocrx_word' id='word_1_68' title='bbox 966 1547 1089 1617; x_wconf 90' lang='lat' dir='ltr'>studiis</span> <span class='ocrx_word' id='word_1_69' title='bbox 1110 1547 1224 1640; x_wconf 87' lang='lat' dir='ltr'>magis</span> <span class='ocrx_word' id='word_1_70' title='bbox 1240 1554 1477 1640; x_wconf 89' lang='lat' dir='ltr'>processerat,</span> <span class='ocrx_word' id='word_1_71' title='bbox 1499 1547 1604 1618; x_wconf 84' lang='lat' dir='ltr'>certis</span> 
     </span>
     <span class='ocr_line' id='line_1_11' title="bbox 441 1657 1606 1749; baseline -0.003 -18"><span class='ocrx_word' id='word_1_72' title='bbox 441 1668 475 1731; x_wconf 90' lang='lat' dir='ltr'>et</span> <span class='ocrx_word' id='word_1_73' title='bbox 491 1658 625 1729; x_wconf 89' lang='lat' dir='ltr'>severis</span> <span class='ocrx_word' id='word_1_74' title='bbox 648 1657 787 1749; x_wconf 91' lang='lat' dir='ltr'>legibus</span> <span class='ocrx_word' id='word_1_75' title='bbox 804 1658 1103 1744; x_wconf 87' lang='lat' dir='ltr'>describebantur,</span> <span class='ocrx_word' id='word_1_76' title='bbox 1126 1659 1174 1728; x_wconf 90' lang='lat' dir='ltr'>ita</span> <span class='ocrx_word' id='word_1_77' title='bbox 1198 1666 1235 1728; x_wconf 94' lang='lat' dir='ltr'>ut</span> <span class='ocrx_word' id='word_1_78' title='bbox 1257 1657 1401 1728; x_wconf 90' lang='lat' dir='ltr'>multum</span> <span class='ocrx_word' id='word_1_79' title='bbox 1423 1657 1480 1728; x_wconf 89' lang='lat' dir='ltr'>illa</span> <span class='ocrx_word' id='word_1_80' title='bbox 1502 1657 1606 1728; x_wconf 90' lang='lat' dir='ltr'>disci·</span> 
     </span>
     <span class='ocr_line' id='line_1_12' title="bbox 439 1768 1602 1864; baseline 0 -24"><span class='ocrx_word' id='word_1_81' title='bbox 439 1771 534 1864; x_wconf 83' lang='lat' dir='ltr'>plina</span> <span class='ocrx_word' id='word_1_82' title='bbox 552 1792 621 1840; x_wconf 91' lang='lat' dir='ltr'>non</span> <span class='ocrx_word' id='word_1_83' title='bbox 640 1769 735 1839; x_wconf 92' lang='lat' dir='ltr'>laudi</span> <span class='ocrx_word' id='word_1_84' title='bbox 749 1776 882 1839; x_wconf 89' lang='lat' dir='ltr'>tantum</span> <span class='ocrx_word' id='word_1_85' title='bbox 907 1769 971 1839; x_wconf 89' lang='lat' dir='ltr'>sed</span> <span class='ocrx_word' id='word_1_86' title='bbox 989 1769 1093 1840; x_wconf 90' lang='lat' dir='ltr'>etiam</span> <span class='ocrx_word' id='word_1_87' title='bbox 1110 1769 1337 1862; x_wconf 88' lang='lat' dir='ltr'>prosperitati</span> <span class='ocrx_word' id='word_1_88' title='bbox 1355 1768 1602 1840; x_wconf 89' lang='lat' dir='ltr'>Universitatis</span> 
     </span>
     <span class='ocr_line' id='line_1_13' title="bbox 439 1881 625 1976; baseline -0.005 -24"><span class='ocrx_word' id='word_1_89' title='bbox 439 1881 625 1976; x_wconf 86' lang='lat' dir='ltr'>profuerit.</span> 
     </span>
    </p>

    <p class='ocr_par' dir='ltr' id='par_1_4' title="bbox 437 1990 1604 2644">
     <span class='ocr_line' id='line_1_14' title="bbox 488 1990 1602 2084; baseline -0.001 -21"><span class='ocrx_word' id='word_1_90' title='bbox 488 1993 588 2084; x_wconf 86' lang='lat' dir='ltr'>Quod</span> <span class='ocrx_word' id='word_1_91' title='bbox 603 1999 718 2063; x_wconf 89' lang='lat' dir='ltr'>autem</span> <span class='ocrx_word' id='word_1_92' title='bbox 738 1991 783 2062; x_wconf 90' lang='lat' dir='ltr'>ad</span> <span class='ocrx_word' id='word_1_93' title='bbox 797 2014 979 2061; x_wconf 92' lang='lat' dir='ltr'>numerum</span> <span class='ocrx_word' id='word_1_94' title='bbox 996 1991 1208 2062; x_wconf 87' lang='lat' dir='ltr'>studentium</span> <span class='ocrx_word' id='word_1_95' title='bbox 1224 1990 1385 2084; x_wconf 88' lang='lat' dir='ltr'>pertinet,</span> <span class='ocrx_word' id='word_1_96' title='bbox 1407 1990 1510 2062; x_wconf 93' lang='lat' dir='ltr'>alium</span> <span class='ocrx_word' id='word_1_97' title='bbox 1526 1991 1602 2062; x_wconf 91' lang='lat' dir='ltr'>aliis</span> 
     </span>
     <span class='ocr_line' id='line_1_15' title="bbox 438 2099 1604 2197; baseline -0.003 -21"><span class='ocrx_word' id='word_1_98' title='bbox 438 2104 657 2197; x_wconf 87' lang='lat' dir='ltr'>temporibus</span> <span class='ocrx_word' id='word_1_99' title='bbox 685 2103 780 2172; x_wconf 93' lang='lat' dir='ltr'>illum</span> <span class='ocrx_word' id='word_1_100' title='bbox 812 2103 922 2173; x_wconf 91' lang='lat' dir='ltr'>fuisse</span> <span class='ocrx_word' id='word_1_101' title='bbox 955 2103 1276 2173; x_wconf 88' lang='lat' dir='ltr'>animadvertimus.</span> <span class='ocrx_word' id='word_1_102' title='bbox 1313 2099 1490 2195; x_wconf 88' lang='lat' dir='ltr'>Principio</span> <span class='ocrx_word' id='word_1_103' title='bbox 1524 2125 1604 2195; x_wconf 85' lang='lat' dir='ltr'>per-</span> 
     </span>
     <span class='ocr_line' id='line_1_16' title="bbox 437 2213 1602 2297; baseline -0.003 -9"><span class='ocrx_word' id='word_1_104' title='bbox 437 2217 535 2288; x_wconf 91' lang='lat' dir='ltr'>multi</span> <span class='ocrx_word' id='word_1_105' title='bbox 561 2237 688 2286; x_wconf 91' lang='lat' dir='ltr'>novam</span> <span class='ocrx_word' id='word_1_106' title='bbox 706 2213 982 2284; x_wconf 90' lang='lat' dir='ltr'>Universitatem</span> <span class='ocrx_word' id='word_1_107' title='bbox 1007 2214 1176 2297; x_wconf 88' lang='lat' dir='ltr'>adierunt,</span> <span class='ocrx_word' id='word_1_108' title='bbox 1210 2213 1311 2284; x_wconf 87' lang='lat' dir='ltr'>itaut</span> <span class='ocrx_word' id='word_1_109' title='bbox 1337 2221 1437 2284; x_wconf 85' lang='lat' dir='ltr'>sexto</span> <span class='ocrx_word' id='word_1_110' title='bbox 1465 2213 1602 2285; x_wconf 91' lang='lat' dir='ltr'>decimo</span> 
     </span>
     <span class='ocr_line' id='line_1_17' title="bbox 439 2323 1604 2418; baseline -0.004 -18"><span class='ocrx_word' id='word_1_111' title='bbox 439 2327 571 2400; x_wconf 83' lang='lat' dir='ltr'>saeculo</span> <span class='ocrx_word' id='word_1_112' title='bbox 604 2325 796 2417; x_wconf 81' lang='lat' dir='ltr'>octingenti</span> <span class='ocrx_word' id='word_1_113' title='bbox 823 2324 984 2418; x_wconf 90' lang='lat' dir='ltr'>discipuli</span> <span class='ocrx_word' id='word_1_114' title='bbox 1010 2325 1226 2398; x_wconf 88' lang='lat' dir='ltr'>clarissimos</span> <span class='ocrx_word' id='word_1_115' title='bbox 1252 2323 1479 2418; x_wconf 87' lang='lat' dir='ltr'>professores</span> <span class='ocrx_word' id='word_1_116' title='bbox 1507 2325 1604 2397; x_wconf 91' lang='lat' dir='ltr'>audi-</span> 
     </span>
     <span class='ocr_line' id='line_1_18' title="bbox 438 2435 1603 2531; baseline -0.002 -21"><span class='ocrx_word' id='word_1_117' title='bbox 438 2439 551 2511; x_wconf 87' lang='lat' dir='ltr'>verint</span> <span class='ocrx_word' id='word_1_118' title='bbox 566 2435 592 2508; x_wconf 65' lang='grc'>3.</span> <span class='ocrx_word' id='word_1_119' title='bbox 610 2437 688 2508; x_wconf 89' lang='lat' dir='ltr'>Nec</span> <span class='ocrx_word' id='word_1_120' title='bbox 705 2436 892 2531; x_wconf 86' lang='lat' dir='ltr'>quidquam</span> <span class='ocrx_word' id='word_1_121' title='bbox 907 2437 1021 2530; x_wconf 87' lang='lat' dir='ltr'>magis</span> <span class='ocrx_word' id='word_1_122' title='bbox 1047 2437 1091 2508; x_wconf 87' lang='lat' dir='ltr'>ad</span> <span class='ocrx_word' id='word_1_123' title='bbox 1108 2437 1308 2528; x_wconf 87' lang='lat' dir='ltr'>augendum</span> <span class='ocrx_word' id='word_1_124' title='bbox 1328 2459 1511 2508; x_wconf 91' lang='lat' dir='ltr'>numerum</span> <span class='ocrx_word' id='word_1_125' title='bbox 1528 2446 1603 2508; x_wconf 89' lang='lat' dir='ltr'>stu-</span> 
     </span>
     <span class='ocr_line' id='line_1_19' title="bbox 438 2545 1603 2644; baseline -0.001 -23"><span class='ocrx_word' id='word_1_126' title='bbox 438 2551 592 2622; x_wconf 85' lang='lat' dir='ltr'>dentium</span> <span class='ocrx_word' id='word_1_127' title='bbox 618 2547 808 2619; x_wconf 88' lang='lat' dir='ltr'>contulisse</span> <span class='ocrx_word' id='word_1_128' title='bbox 838 2547 1025 2628; x_wconf 78' lang='lat' dir='ltr'>oredimus,</span> <span class='ocrx_word' id='word_1_129' title='bbox 1059 2569 1163 2644; x_wconf 92' lang='lat' dir='ltr'>quam</span> <span class='ocrx_word' id='word_1_130' title='bbox 1191 2547 1284 2643; x_wconf 92' lang='lat' dir='ltr'>quod</span> <span class='ocrx_word' id='word_1_131' title='bbox 1313 2545 1422 2618; x_wconf 91' lang='lat' dir='ltr'>multa</span> <span class='ocrx_word' id='word_1_132' title='bbox 1451 2547 1603 2642; x_wconf 87' lang='lat' dir='ltr'>collegia</span> 
     </span>
    </p>

    <p class='ocr_par' dir='ltr' id='par_1_5' title="bbox 413 2653 865 2734">
     <span class='ocr_line' id='line_1_20' title="bbox 413 2653 865 2734; baseline -0.009 0"><span class='ocrx_word' id='word_1_133' title='bbox 413 2653 416 2661; x_wconf 70' lang='grc'>’</span> <span class='ocrx_word' id='word_1_134' title='bbox 440 2661 597 2734; x_wconf 90' lang='lat' dir='ltr'>vicissim</span> <span class='ocrx_word' id='word_1_135' title='bbox 613 2659 753 2732; x_wconf 89' lang='lat' dir='ltr'>condita</span> <span class='ocrx_word' id='word_1_136' title='bbox 772 2667 865 2730; x_wconf 91' lang='lat' dir='ltr'>sunt.</span> 
     </span>
    </p>

    <p class='ocr_par' dir='ltr' id='par_1_6' title="bbox 371 2767 1607 4315">
     <span class='ocr_line' id='line_1_21' title="bbox 371 2767 1603 2867; baseline -0.003 -22"><span class='ocrx_word' id='word_1_137' title='bbox 371 2816 377 2828; x_wconf 79' lang='lat'><strong>·</strong></span> <span class='ocrx_word' id='word_1_138' title='bbox 486 2772 708 2844; x_wconf 84' lang='lat' dir='ltr'>Arcobantur</span> <span class='ocrx_word' id='word_1_139' title='bbox 733 2770 824 2841; x_wconf 92' lang='lat' dir='ltr'>enim</span> <span class='ocrx_word' id='word_1_140' title='bbox 846 2793 867 2841; x_wconf 85' lang='lat' dir='ltr'>a</span> <span class='ocrx_word' id='word_1_141' title='bbox 893 2771 1015 2842; x_wconf 87' lang='lat' dir='ltr'>studiis</span> <span class='ocrx_word' id='word_1_142' title='bbox 1045 2767 1252 2867; x_wconf 88' lang='lat' dir='ltr'>quicumque</span> <span class='ocrx_word' id='word_1_143' title='bbox 1279 2770 1449 2842; x_wconf 92' lang='lat' dir='ltr'>mediocri</span> <span class='ocrx_word' id='word_1_144' title='bbox 1469 2779 1603 2844; x_wconf 89' lang='lat' dir='ltr'>tantum</span> 
     </span>
     <span class='ocr_line' id='line_1_22' title="bbox 439 2881 1605 2976; baseline -0.002 -20"><span class='ocrx_word' id='word_1_145' title='bbox 439 2907 478 2956; x_wconf 88' lang='lat' dir='ltr'>re</span> <span class='ocrx_word' id='word_1_146' title='bbox 495 2883 657 2956; x_wconf 89' lang='lat' dir='ltr'>familiari</span> <span class='ocrx_word' id='word_1_147' title='bbox 678 2883 846 2968; x_wconf 88' lang='lat' dir='ltr'>fruentes,</span> <span class='ocrx_word' id='word_1_148' title='bbox 867 2881 974 2953; x_wconf 89' lang='lat' dir='ltr'>vitam</span> <span class='ocrx_word' id='word_1_149' title='bbox 996 2882 1031 2952; x_wconf 92' lang='lat' dir='ltr'>in</span> <span class='ocrx_word' id='word_1_150' title='bbox 1050 2883 1315 2976; x_wconf 87' lang='lat' dir='ltr'>opulentissima</span> <span class='ocrx_word' id='word_1_151' title='bbox 1340 2883 1478 2954; x_wconf 91' lang='lat' dir='ltr'>civitate</span> <span class='ocrx_word' id='word_1_152' title='bbox 1499 2882 1605 2954; x_wconf 88' lang='lat' dir='ltr'>susti-</span> 
     </span>
     <span class='ocr_line' id='line_1_23' title="bbox 440 2992 1606 3090; baseline -0.005 -22"><span class='ocrx_word' id='word_1_153' title='bbox 440 3019 525 3068; x_wconf 86' lang='lat' dir='ltr'>nere</span> <span class='ocrx_word' id='word_1_154' title='bbox 541 2994 747 3090; x_wconf 80' lang='lat' dir='ltr'>nequibant3</span> <span class='ocrx_word' id='word_1_155' title='bbox 768 2992 837 3064; x_wconf 90' lang='lat' dir='ltr'>huc</span> <span class='ocrx_word' id='word_1_156' title='bbox 857 2993 1050 3066; x_wconf 88' lang='lat' dir='ltr'>accedebat</span> <span class='ocrx_word' id='word_1_157' title='bbox 1076 2993 1169 3089; x_wconf 92' lang='lat' dir='ltr'>quod</span> <span class='ocrx_word' id='word_1_158' title='bbox 1192 2993 1349 3089; x_wconf 90' lang='lat' dir='ltr'>plerique</span> <span class='ocrx_word' id='word_1_159' title='bbox 1375 2994 1606 3066; x_wconf 83' lang='lat' dir='ltr'>ex&#39;studenti-</span> 
     </span>
     <span class='ocr_line' id='line_1_24' title="bbox 439 3104 1607 3198; baseline -0.003 -20"><span class='ocrx_word' id='word_1_160' title='bbox 439 3108 505 3179; x_wconf 88' lang='lat' dir='ltr'>bus</span> <span class='ocrx_word' id='word_1_161' title='bbox 521 3128 591 3177; x_wconf 92' lang='lat' dir='ltr'>non</span> <span class='ocrx_word' id='word_1_162' title='bbox 610 3105 714 3176; x_wconf 92' lang='lat' dir='ltr'>modo</span> <span class='ocrx_word' id='word_1_163' title='bbox 729 3104 944 3176; x_wconf 86' lang='lat' dir='ltr'>necessariis</span> <span class='ocrx_word' id='word_1_164' title='bbox 961 3105 1144 3176; x_wconf 89' lang='lat' dir='ltr'>sedetiam</span> <span class='ocrx_word' id='word_1_165' title='bbox 1160 3105 1292 3198; x_wconf 82' lang='lat' dir='ltr'>saepius</span> <span class='ocrx_word' id='word_1_166' title='bbox 1306 3105 1406 3178; x_wconf 89' lang='lat' dir='ltr'>vanis</span> <span class='ocrx_word' id='word_1_167' title='bbox 1425 3127 1467 3176; x_wconf 88' lang='lat' dir='ltr'>ac</span> <span class='ocrx_word' id='word_1_168' title='bbox 1484 3127 1607 3198; x_wconf 89' lang='lat' dir='ltr'>super-</span> 
     </span>
     <span class='ocr_line' id='line_1_25' title="bbox 440 3215 1603 3311; baseline -0.003 -22"><span class='ocrx_word' id='word_1_169' title='bbox 440 3218 520 3290; x_wconf 89' lang='lat' dir='ltr'>fluis</span> <span class='ocrx_word' id='word_1_170' title='bbox 541 3217 709 3310; x_wconf 85' lang='lat' dir='ltr'>impensis</span> <span class='ocrx_word' id='word_1_171' title='bbox 733 3216 918 3308; x_wconf 91' lang='lat' dir='ltr'>indulgere</span> <span class='ocrx_word' id='word_1_172' title='bbox 944 3225 1047 3311; x_wconf 89' lang='lat' dir='ltr'>atque</span> <span class='ocrx_word' id='word_1_173' title='bbox 1067 3215 1103 3298; x_wconf 86' lang='lat' dir='ltr'>iu</span> <span class='ocrx_word' id='word_1_174' title='bbox 1127 3215 1260 3288; x_wconf 90' lang='lat' dir='ltr'>deliciis</span> <span class='ocrx_word' id='word_1_175' title='bbox 1287 3215 1406 3288; x_wconf 89' lang='lat' dir='ltr'>vivere</span> <span class='ocrx_word' id='word_1_176' title='bbox 1430 3215 1603 3288; x_wconf 91' lang='lat' dir='ltr'>solebant.</span> 
     </span>
     <span class='ocr_line' id='line_1_26' title="bbox 441 3327 1606 3423; baseline -0.003 -21"><span class='ocrx_word' id='word_1_177' title='bbox 441 3329 598 3402; x_wconf 85' lang='lat' dir='ltr'>Conditis</span> <span class='ocrx_word' id='word_1_178' title='bbox 626 3351 710 3400; x_wconf 92' lang='lat' dir='ltr'>vero</span> <span class='ocrx_word' id='word_1_179' title='bbox 739 3327 909 3420; x_wconf 69' lang='lat' dir='ltr'>collegiis</span> <span class='ocrx_word' id='word_1_180' title='bbox 945 3327 970 3397; x_wconf 93' lang='lat' dir='ltr'>ii</span> <span class='ocrx_word' id='word_1_181' title='bbox 997 3351 1130 3409; x_wconf 85' lang='lat' dir='ltr'>omnes,</span> <span class='ocrx_word' id='word_1_182' title='bbox 1166 3349 1253 3423; x_wconf 88' lang='lat' dir='ltr'>quos</span> <span class='ocrx_word' id='word_1_183' title='bbox 1280 3329 1405 3421; x_wconf 87' lang='lat' dir='ltr'>procul</span> <span class='ocrx_word' id='word_1_184' title='bbox 1434 3350 1454 3400; x_wconf 86' lang='lat' dir='ltr'>a</span> <span class='ocrx_word' id='word_1_185' title='bbox 1481 3327 1606 3398; x_wconf 90' lang='lat' dir='ltr'>litteris</span> 
     </span>
     <span class='ocr_line' id='line_1_27' title="bbox 441 3439 1599 3534; baseline -0.003 -22"><span class='ocrx_word' id='word_1_186' title='bbox 441 3441 559 3534; x_wconf 89' lang='lat' dir='ltr'>inopia</span> <span class='ocrx_word' id='word_1_187' title='bbox 577 3439 785 3525; x_wconf 88' lang='lat' dir='ltr'>detinuerat,</span> <span class='ocrx_word' id='word_1_188' title='bbox 808 3461 878 3508; x_wconf 90' lang='lat' dir='ltr'>nou</span> <span class='ocrx_word' id='word_1_189' title='bbox 897 3439 1007 3520; x_wconf 85' lang='lat' dir='ltr'>modo</span> <span class='ocrx_word' id='word_1_190' title='bbox 1018 3439 1229 3510; x_wconf 90' lang='lat' dir='ltr'>domicilium</span> <span class='ocrx_word' id='word_1_191' title='bbox 1244 3447 1279 3510; x_wconf 88' lang='lat' dir='ltr'>et</span> <span class='ocrx_word' id='word_1_192' title='bbox 1302 3439 1443 3510; x_wconf 88' lang='lat' dir='ltr'>facilem</span> <span class='ocrx_word' id='word_1_193' title='bbox 1460 3439 1599 3526; x_wconf 90' lang='lat' dir='ltr'>victum,</span> 
     </span>
     <span class='ocr_line' id='line_1_28' title="bbox 445 3549 1606 3643; baseline -0.003 -19"><span class='ocrx_word' id='word_1_194' title='bbox 445 3552 509 3624; x_wconf 90' lang='lat' dir='ltr'>sed</span> <span class='ocrx_word' id='word_1_195' title='bbox 527 3551 637 3622; x_wconf 90' lang='lat' dir='ltr'>libros</span> <span class='ocrx_word' id='word_1_196' title='bbox 665 3549 769 3620; x_wconf 90' lang='lat' dir='ltr'>etiam</span> <span class='ocrx_word' id='word_1_197' title='bbox 794 3559 828 3620; x_wconf 89' lang='lat' dir='ltr'>et</span> <span class='ocrx_word' id='word_1_198' title='bbox 844 3550 1009 3643; x_wconf 91' lang='lat' dir='ltr'>optimam</span> <span class='ocrx_word' id='word_1_199' title='bbox 1032 3549 1250 3643; x_wconf 91' lang='lat' dir='ltr'>disciplinam</span> <span class='ocrx_word' id='word_1_200' title='bbox 1272 3557 1506 3643; x_wconf 87' lang='lat' dir='ltr'>repererunt:</span> <span class='ocrx_word' id='word_1_201' title='bbox 1524 3549 1606 3620; x_wconf 88' lang='lat' dir='ltr'>inde</span> 
     </span>
     <span class='ocr_line' id='line_1_29' title="bbox 444 3661 1606 3754; baseline -0.003 -20"><span class='ocrx_word' id='word_1_202' title='bbox 444 3663 560 3735; x_wconf 87' lang='lat' dir='ltr'>statim</span> <span class='ocrx_word' id='word_1_203' title='bbox 591 3684 740 3753; x_wconf 90' lang='lat' dir='ltr'>magnus</span> <span class='ocrx_word' id='word_1_204' title='bbox 773 3661 829 3732; x_wconf 91' lang='lat' dir='ltr'>vel</span> <span class='ocrx_word' id='word_1_205' title='bbox 858 3661 1036 3754; x_wconf 89' lang='lat' dir='ltr'>egentium</span> <span class='ocrx_word' id='word_1_206' title='bbox 1073 3661 1283 3732; x_wconf 88' lang='lat' dir='ltr'>studentium</span> <span class='ocrx_word' id='word_1_207' title='bbox 1315 3684 1523 3732; x_wconf 80' lang='lat' dir='ltr'>concursus</span> <span class='ocrx_word' id='word_1_208' title='bbox 1553 3661 1606 3731; x_wconf 89' lang='lat' dir='ltr'>De</span> 
     </span>
     <span class='ocr_line' id='line_1_30' title="bbox 442 3772 1607 3868; baseline -0.003 -22"><span class='ocrx_word' id='word_1_209' title='bbox 442 3783 577 3868; x_wconf 90' lang='lat' dir='ltr'>septem</span> <span class='ocrx_word' id='word_1_210' title='bbox 602 3773 770 3864; x_wconf 90' lang='lat' dir='ltr'>collegiis,</span> <span class='ocrx_word' id='word_1_211' title='bbox 796 3795 874 3866; x_wconf 86' lang='lat' dir='ltr'>quae</span> <span class='ocrx_word' id='word_1_212' title='bbox 901 3772 1008 3842; x_wconf 90' lang='lat' dir='ltr'>variis</span> <span class='ocrx_word' id='word_1_213' title='bbox 1031 3772 1247 3866; x_wconf 90' lang='lat' dir='ltr'>temporibus</span> <span class='ocrx_word' id='word_1_214' title='bbox 1270 3772 1453 3844; x_wconf 83' lang='lat' dir='ltr'>Avenione</span> <span class='ocrx_word' id='word_1_215' title='bbox 1478 3773 1607 3844; x_wconf 86' lang='lat' dir='ltr'>florue-</span> 
     </span>
     <span class='ocr_line' id='line_1_31' title="bbox 442 3882 1607 3977; baseline -0.003 -21"><span class='ocrx_word' id='word_1_216' title='bbox 442 3882 532 3973; x_wconf 90' lang='lat' dir='ltr'>runt,</span> <span class='ocrx_word' id='word_1_217' title='bbox 546 3907 628 3955; x_wconf 83' lang='lat' dir='ltr'>mox</span> <span class='ocrx_word' id='word_1_218' title='bbox 643 3883 767 3954; x_wconf 90' lang='lat' dir='ltr'>dicturi</span> <span class='ocrx_word' id='word_1_219' title='bbox 783 3883 912 3954; x_wconf 92' lang='lat' dir='ltr'>erimus</span> <span class='ocrx_word' id='word_1_220' title='bbox 928 3907 934 3954; x_wconf 94' lang='lat'>:</span> <span class='ocrx_word' id='word_1_221' title='bbox 949 3885 1090 3976; x_wconf 90' lang='lat' dir='ltr'>deipsis</span> <span class='ocrx_word' id='word_1_222' title='bbox 1103 3883 1282 3977; x_wconf 89' lang='lat' dir='ltr'>discipulis</span> <span class='ocrx_word' id='word_1_223' title='bbox 1299 3907 1390 3954; x_wconf 88' lang='lat' dir='ltr'>nunc</span> <span class='ocrx_word' id='word_1_224' title='bbox 1404 3884 1607 3956; x_wconf 88' lang='lat' dir='ltr'>edisseren-</span> 
     </span>
     <span class='ocr_line' id='line_1_32' title="bbox 444 3994 1607 4090; baseline -0.003 -21"><span class='ocrx_word' id='word_1_225' title='bbox 444 3997 539 4069; x_wconf 93' lang='lat' dir='ltr'>dum.</span> <span class='ocrx_word' id='word_1_226' title='bbox 569 3995 617 4066; x_wconf 92' lang='lat' dir='ltr'>Hi</span> <span class='ocrx_word' id='word_1_227' title='bbox 642 3996 791 4089; x_wconf 90' lang='lat' dir='ltr'>primum</span> <span class='ocrx_word' id='word_1_228' title='bbox 817 3994 928 4082; x_wconf 88' lang='lat' dir='ltr'>liberi,</span> <span class='ocrx_word' id='word_1_229' title='bbox 959 4005 993 4065; x_wconf 90' lang='lat' dir='ltr'>et</span> <span class='ocrx_word' id='word_1_230' title='bbox 1019 3995 1119 4090; x_wconf 91' lang='lat' dir='ltr'>quasi</span> <span class='ocrx_word' id='word_1_231' title='bbox 1144 3996 1198 4065; x_wconf 89' lang='lat' dir='ltr'>sui</span> <span class='ocrx_word' id='word_1_232' title='bbox 1210 3995 1302 4088; x_wconf 87' lang='lat' dir='ltr'>juris</span> <span class='ocrx_word' id='word_1_233' title='bbox 1331 3995 1472 4066; x_wconf 89' lang='lat' dir='ltr'>fuerunt</span> <span class='ocrx_word' id='word_1_234' title='bbox 1500 4019 1508 4067; x_wconf 92' lang='lat'>:</span> <span class='ocrx_word' id='word_1_235' title='bbox 1539 3996 1607 4089; x_wconf 91' lang='lat' dir='ltr'>ipsi</span> 
     </span>
     <span class='ocr_line' id='line_1_33' title="bbox 445 4105 1606 4200; baseline -0.003 -19"><span class='ocrx_word' id='word_1_236' title='bbox 445 4109 538 4181; x_wconf 90' lang='lat' dir='ltr'>enim</span> <span class='ocrx_word' id='word_1_237' title='bbox 555 4129 599 4178; x_wconf 92' lang='lat' dir='ltr'>ne</span> <span class='ocrx_word' id='word_1_238' title='bbox 623 4106 763 4199; x_wconf 90' lang='lat' dir='ltr'>collegii</span> <span class='ocrx_word' id='word_1_239' title='bbox 782 4113 911 4178; x_wconf 88' lang='lat' dir='ltr'>statuta</span> <span class='ocrx_word' id='word_1_240' title='bbox 935 4105 1149 4178; x_wconf 90' lang='lat' dir='ltr'>violarentur</span> <span class='ocrx_word' id='word_1_241' title='bbox 1174 4107 1353 4192; x_wconf 89' lang='lat' dir='ltr'>curabant,</span> <span class='ocrx_word' id='word_1_242' title='bbox 1379 4106 1448 4200; x_wconf 91' lang='lat' dir='ltr'>ipsi</span> <span class='ocrx_word' id='word_1_243' title='bbox 1470 4107 1606 4180; x_wconf 89' lang='lat' dir='ltr'>Recto-</span> 
     </span>
     <span class='ocr_line' id='line_1_34' title="bbox 442 4208 1606 4315; baseline -0.002 -21"><span class='ocrx_word' id='word_1_244' title='bbox 442 4241 518 4294; x_wconf 90' lang='lat' dir='ltr'>rem</span> <span class='ocrx_word' id='word_1_245' title='bbox 545 4219 732 4313; x_wconf 89' lang='lat' dir='ltr'>eligebant,</span> <span class='ocrx_word' id='word_1_246' title='bbox 763 4225 973 4314; x_wconf 86' lang='lat' dir='ltr'>cetcrosque</span> <span class='ocrx_word' id='word_1_247' title='bbox 998 4218 1200 4312; x_wconf 87' lang='lat' dir='ltr'>magistros,</span> <span class='ocrx_word' id='word_1_248' title='bbox 1223 4217 1291 4314; x_wconf 89' lang='lat' dir='ltr'>ipsi</span> <span class='ocrx_word' id='word_1_249' title='bbox 1318 4217 1468 4315; x_wconf 88' lang='lat' dir='ltr'>denique</span> <span class='ocrx_word' id='word_1_250' title='bbox 1495 4208 1606 4292; x_wconf 89' lang='lat' dir='ltr'>novos</span> 
     </span>
    </p>
   </div>
   <div class='ocr_carea' id='block_1_3' title="bbox 482 4513 1166 4761">
    <p class='ocr_par' dir='ltr' id='par_1_7' title="bbox 482 4513 1166 4761">
     <span class='ocr_line' id='line_1_35' title="bbox 484 4513 946 4588; baseline 0.004 -18"><span class='ocrx_word' id='word_1_251' title='bbox 484 4516 507 4571; x_wconf 85' lang='lat' dir='ltr'>l.</span> <span class='ocrx_word' id='word_1_252' title='bbox 529 4518 565 4570; x_wconf 90' lang='lat' dir='ltr'>P.</span> <span class='ocrx_word' id='word_1_253' title='bbox 583 4517 669 4572; x_wconf 84' lang='lat' dir='ltr'>relat.</span> <span class='ocrx_word' id='word_1_254' title='bbox 683 4519 702 4571; x_wconf 81' lang='grc' dir='ltr'><strong><em>ὰ</em></strong></span> <span class='ocrx_word' id='word_1_255' title='bbox 716 4513 819 4572; x_wconf 69' lang='grc'>111010.</span> <span class='ocrx_word' id='word_1_256' title='bbox 834 4514 946 4588; x_wconf 74' lang='lat' dir='ltr'>d&#39;Aotp.</span> 
     </span>
     <span class='ocr_line' id='line_1_36' title="bbox 482 4602 610 4660; baseline 0.031 -4"><span class='ocrx_word' id='word_1_257' title='bbox 482 4603 508 4658; x_wconf 65' lang='grc'>1.</span> <span class='ocrx_word' id='word_1_258' title='bbox 527 4602 610 4660; x_wconf 73' lang='lat' dir='ltr'>told„</span> 
     </span>
     <span class='ocr_line' id='line_1_37' title="bbox 484 4684 1166 4761; baseline -0.006 -15"><span class='ocrx_word' id='word_1_259' title='bbox 484 4690 509 4746; x_wconf 79' lang='lat'>³.</span> <span class='ocrx_word' id='word_1_260' title='bbox 531 4685 642 4756; x_wconf 79' lang='lat' dir='ltr'>Peumu,</span> <span class='ocrx_word' id='word_1_261' title='bbox 659 4689 744 4743; x_wconf 83' lang='lat' dir='ltr'>Etuts</span> <span class='ocrx_word' id='word_1_262' title='bbox 760 4689 867 4761; x_wconf 65' lang='lat' dir='ltr'>Pontis.</span> <span class='ocrx_word' id='word_1_263' title='bbox 884 4687 918 4745; x_wconf 82' lang='lat' dir='ltr'>de</span> <span class='ocrx_word' id='word_1_264' title='bbox 939 4691 1059 4745; x_wconf 71' lang='lat' dir='ltr'>Fronte.</span> <span class='ocrx_word' id='word_1_265' title='bbox 1077 4703 1102 4761; x_wconf 86' lang='lat' dir='ltr'>p</span> <span class='ocrx_word' id='word_1_266' title='bbox 1122 4684 1166 4750; x_wconf 82' lang='grc'>15,</span> 
     </span>
    </p>
   </div>
   <div class='ocr_carea' id='block_1_4' title="bbox 0 0 1848 5590">
    <p class='ocr_par' dir='ltr' id='par_1_8' title="bbox 0 0 1848 5590">
     <span class='ocr_line' id='line_1_38' title="bbox 0 0 1848 5590; baseline 0 0"><span class='ocrx_word' id='word_1_267' title='bbox 0 0 1848 5590; x_wconf 95' lang='lat' dir='ltr'> </span> 
     </span>
    </p>
   </div>
  </div>
 </body>
</html>
