3686 5590
666 554 829 605 ntsnottlun
850 556 1079 604 ADUMBRATIO·'

752 1206 910 1284 CAPUT
936 1211 969 1282 V

273 1493 410 1544 Qt’Arqus
425 1493 450 1536 IN
461 1494 590 1536 CIVlTATlS
603 1495 685 1537 REBUS
694 1495 915 1536 snutulsrnnrtols
924 1494 1115 1536 ascalonensis
1129 1495 1302 1536 univensmns
1312 1494 1443 1537 VALUERIT

319 1729 464 1803 Minime
486 1731 627 1804 dubium
642 1744 696 1805 est
708 1733 790 1829 quin
809 1733 1030 1806 Universitas
1050 1744 1199 1830 quatuor
1216 1733 1440 1805 facultatibus

215 1873 219 1881 ·
268 1842 438 1916 instructa
462 1853 497 1916 et
522 1846 666 1916 summis
682 1845 924 1934 Pontificibus,
946 1869 1094 1942 quorum
1114 1845 1287 1918 beneficio
1306 1845 1434 1931 floruit,

270 1955 509 2044 devotissima,
529 1957 649 2050 magni
664 1958 831 2029 momenti
844 1959 960 2045 fuerit,
978 1959 1016 2028 in
1028 1981 1071 2029 ea
1083 1959 1285 2051 praesertim
1301 1958 1440 2029 civitate

271 2091 350 2163 quae
364 2091 428 2160 per
445 2091 483 2140 se
498 2069 578 2162 ipsa
591 2069 724 2140 tamdiu
740 2070 888 2142 steterit.
908 2069 998 2141 Suas
1014 2069 1175 2163 profecto
1191 2080 1322 2162 partes,
1339 2091 1439 2140 suam

270 2179 370 2274 quasi
396 2203 587 2273 personam
612 2181 672 2253 illa
691 2181 815 2252 sivein
836 2181 949 2268 hellis,
979 2181 1052 2252 sive
1067 2181 1102 2251 in
1113 2181 1243 2276 jurgiis
1260 2189 1295 2252 et
1310 2181 1440 2252 factio-

258 2291 384 2391 nibus,
406 2291 480 2363 sive
502 2293 607 2364 etiam
621 2292 656 2363 in
675 2293 802 2364 civium
820 2302 854 2364 et
869 2293 1138 2386 magistratuum
1166 2293 1322 2364 consiliis
1350 2291 1434 2386 egit,

271 2411 306 2473 et
325 2404 505 2496 proprium
529 2413 625 2475 certe
651 2404 768 2475 dehis
789 2391 950 2476 omnibus
971 2405 1144 2498 judicium
1168 2404 1302 2476 habuit.
1336 2405 1433 2491 Ideo,

271 2538 350 2610 quae
387 2515 493 2588 fuerit
537 2516 786 2588 Universitatis
825 2516 1027 2602 auctoritas
1070 2537 1270 2612 quanquam
1305 2516 1438 2609 saepius

271 2627 463 2725 scriptores
480 2627 660 2715 siluerunt,
678 2650 722 2698 ex
738 2628 845 2699 rebus
862 2635 980 2698 tamen
997 2627 1175 2720 conjicere
1191 2628 1397 2699 conabimur
1410 2638 1434 2697 ¹.

317 2737 371 2809 Ac
387 2739 536 2831 primum
555 2739 590 2808 in
612 2739 671 2810 illa
691 2738 880 2810 Clementis
902 2739 936 2808 V
954 2761 1033 2808 cum
1052 2738 1214 2832 Philippo
1231 2739 1282 2810 IV
1298 2739 1439 2810 dissen-

269 2849 375 2938 tione,
400 2874 504 2945 quum
513 2873 578 2921 rex
591 2850 1077 2922 BonifaciiVIIImemoriam
1087 2849 1257 2921 infamare
1276 2850 1432 2937 tentavit,

269 2961 457 3033 verisimile
474 2971 539 3050 est,
570 2961 727 3057 quamvis
753 2961 848 3032 nulia
871 2967 1011 3032 exstent
1033 2960 1255 3044 documenta,
1284 2961 1437 3032 Univer-

271 3073 409 3144 sitatem
432 3071 550 3144 multis
574 3074 617 3144 ab
647 3082 793 3168 utroque
823 3071 994 3144 Pontifice
1018 3071 1201 3142 beneficiis
1226 3081 1386 3160 auctam,
1404 3084 1438 3143 et

269 3183 1437 3278 viventisetdefunctipartessuscepisse.EademinClementemV
1544 3213 1546 3216 ·

269 3297 494 3368 observantia
503 3297 675 3390 judicium
688 3296 732 3367 de
750 3296 959 3390 Templariis
982 3295 1115 3367 sactum
1134 3296 1288 3367 fortasse
1306 3319 1436 3389 appro-

267 3408 374 3479 bavit.
392 3408 413 3477 J
417 3430 473 3479 am
485 3408 601 3496 minus
611 3409 784 3479 incertum
799 3416 854 3478 est
867 3429 956 3498 eam,
978 3407 1434 3500 opinionesJoannisXXII

204 3601 206 3610 Α
268 3520 312 3591 de
348 3548 363 3585 u
385 3519 517 3590 cisione
549 3519 716 3614 beatifico
743 3548 775 3606 »,
821 3520 926 3590 etiam
975 3520 1147 3591 adversus
1193 3519 1435 3590 Parisiensem

267 3629 542 3704 Universitatem
571 3629 787 3701 defendisse
823 3630 917 3700 Nam
960 3629 1126 3701 doctores
1165 3627 1435 3700 Avenionenses

269 3765 404 3814 summo
437 3741 610 3830 Pontifici,
644 3764 757 3839 aquo
783 3741 981 3834 jurisperiti
1005 3741 1156 3812 maxime
1190 3740 1396 3812 colebantur
1409 3752 1431 3827 ²,

267 3853 448 3925 adversari
483 3853 624 3924 minime
664 3852 741 3924 ausi
779 3863 911 3940 essent,
954 3876 1060 3948 quum
1097 3851 1297 3944 praesertim
1331 3853 1434 3923 bonis

264 3965 446 4036 beneficiis
463 3987 526 4036 eos
540 3963 735 4036 cumulatos
753 3964 913 4035 viderent
929 3965 986 4060 qui
999 3964 1021 4034 J
1024 3963 1129 4035 oanni
1145 3963 1429 4052 assentirentur³3

266 4091 344 4185 ipse
366 4090 471 4162 etiam
490 4089 763 4184 pertinacissimi
783 4089 835 4158 vir
851 4087 984 4182 ingenii
1002 4097 1107 4185 atque
1123 4087 1229 4160 animi
1243 4081 1448 4182 uehemenss

268 4201 404 4291 tissimi,
438 4202 496 4298 qui
520 4187 745 4316 pdversarios
769 4200 957 4273 severitate
977 4223 1041 4272 sua
1062 4199 1249 4294 oppressit,
1270 4200 1435 4272 doctores

306 4469 329 4521 t.
346 4471 431 4520 Me'm.
445 4484 498 4522 sur
511 4469 614 4522 t'llnto.
628 4465 781 4535 d'Aoi9.‚f⁰
794 4467 835 4520 tt.
845 4467 1019 4537 -Fonnnnr,
1031 4471 1107 4520 Hist.
1125 4469 1178 4521 civ.
1196 4468 1234 4526 du
1247 4470 1338 4524 Comt.
1354 4468 1432 4524 Vera,

281 4551 315 4604 ·‚‚
333 4551 351 4602 V
400 4591 406 4604 .
480 4594 485 4606 Ι

270 4551 330 4690 lut.
347 4552 475 4696 [ispSnir5n7.
495 4640 578 4690 Mem.
592 4627 669 4714 pour
681 4639 712 4689 la
727 4638 769 4693 cie
784 4638 818 4692 de
831 4639 923 4698 Petu,
941 4643 960 4690 t.
977 4635 998 4702 Ι,
1014 4653 1039 4715 p.
1058 4637 1119 4698 aot,

306 4724 331 4780 3.
344 4723 418 4782 iord,
