3686 5590
654 555 817 607 nrsromun
839 554 1051 607 lnuutnunrto.
1330 625 1332 632 ,
1393 537 1428 603 81

200 678 202 684 ’
264 673 407 750 nummi.
429 677 562 751 Octavo
585 678 722 751 decimo
739 679 846 773 igitur
864 678 1008 764 saeculo,
1038 676 1166 748 divitiis
1187 673 1303 748 minus
1327 697 1431 772 quam

264 790 381 884 prisco
407 799 566 884 tempore
590 791 823 885 praevaluisse
847 791 985 862 videtur
1011 788 1245 876 Universitas,
1279 810 1358 883 quae
1388 787 1431 859 ab

265 924 357 974 anno
379 901 472 973 1681
490 903 535 974 ad
550 925 679 974 annum
695 902 789 974 1750
803 925 876 974 aere
892 902 1006 974 alieno
1027 901 1076 972 ita
1096 899 1203 993 coepit
1216 898 1375 993 opprimi,
1396 907 1433 969 ut

267 1036 439 1121 summam
468 1014 578 1086 vicies
614 1013 707 1085 mille
738 1022 773 1085 et
809 1013 1144 1109 quadringentarum
1180 1011 1433 1107 quinquaginta

265 1109 434 1197 librarum
449 1125 609 1197 debuerit
625 1137 648 1196 ¹.
671 1125 782 1208 Quam
808 1125 995 1218 pecuniam
1013 1131 1050 1194 ut
1068 1123 1232 1211 solveret,
1253 1145 1274 1194 a
1296 1145 1433 1193 summo

267 1238 439 1310 Pontifice
455 1331 457 1336 ι
472 1237 679 1330 efflagitavit
702 1246 749 1326 ut,
784 1243 829 1308 erl
855 1236 1024 1308 trecentis
1054 1244 1088 1307 et
1113 1235 1256 1328 triginta
1283 1233 1434 1306 millibus
1548 1263 1557 1276 ·

266 1348 445 1439 librarum,
482 1372 609 1445 quae‘a
633 1347 769 1420 Gallica
794 1348 1018 1442 vectigalium
1051 1347 1222 1420 societate
1247 1346 1433 1442 quotannis

269 1461 410 1532 Sanotae
441 1461 525 1534 Sedi
555 1461 840 1549 numerabantur,
872 1461 997 1531 decem
1029 1467 1088 1530 aut
1116 1457 1301 1530 duodecim
1329 1457 1437 1528 millia

268 1572 436 1644 librarum
455 1580 741 1666 excerperentur,
766 1593 912 1668 quarum
927 1593 1035 1642 usura
1046 1593 1121 1673 per
1136 1570 1260 1642 decem
1276 1577 1335 1640 aut
1349 1569 1438 1640 duo·
1478 1569 1480 1574 ’

271 1683 386 1756 decim
403 1706 515 1756 annos
529 1683 759 1755 Universitati
778 1684 1034 1755 concederetur
1048 1693 1073 1753 ².
1093 1681 1329 1754 Nihilominus
1343 1680 1440 1751 deni-

273 1818 351 1891 que,
371 1818 463 1867 anno
485 1795 588 1883 1790,
610 1795 833 1866 Universitas
855 1804 996 1866 centum
1010 1793 1103 1864 mille
1126 1803 1161 1865 et
1181 1801 1439 1886 nongentarum

273 1930 400 1978 novem
420 1916 454 1978 et
471 1907 614 2000 triginta
625 1907 793 1979 librarum
810 1914 1019 2000 proventum
1031 1905 1163 1993 habuit,
1184 1928 1288 2000 quem
1302 1903 1441 1998 profes-

277 2042 378 2090 sores
394 2020 485 2090 inter
501 2042 540 2090 se
560 2019 785 2090 emolumenti
805 2019 917 2090 instar
939 2018 1057 2111 partiti
1075 2026 1155 2088 sunt
1170 2015 1196 2087 ³.
1218 2015 1311 2088 Satis
1329 2037 1373 2086 er
1386 2014 1442 2084 his

277 2130 437 2203 omnibus
449 2131 668 2202 documentis
678 2122 774 2202 certe
784 2142 932 2224 apparet
941 2129 1245 2224 quemadmodum,
1259 2134 1443 2199 crescente

263 2243 525 2314 ¹Universitatis
539 2243 654 2330 laude,
676 2242 851 2314 creverint
867 2241 972 2313 etiam
990 2241 1069 2335 ejus
1088 2240 1229 2327 divitiae,
1254 2249 1299 2328 et,
1319 2261 1442 2311 rursus

275 2353 355 2450 ipsa
373 2354 573 2444 inclinante,
595 2354 788 2427 imminutae
805 2376 943 2450 quoque
960 2375 1048 2448 opes
1066 2352 1270 2425 ceciderint.

749 3021 907 3098 CAPUT
933 3023 984 3098 IV

654 3337 688 3376 DE
706 3337 863 3377 rmvtnuons
884 3335 1082 3376 uutvnnstrnrts

330 3605 643 3700 Quemadmodum,
663 3607 780 3684 media
795 3620 912 3701 aetate,
932 3633 1067 3702 omnes
1094 3609 1168 3686 sive
1184 3609 1349 3696 artifices
1374 3609 1448 3684 sive

282 3729 512 3808 mercatores,
533 3721 569 3792 in
586 3723 792 3796 societatem
808 3725 933 3813 coacti,
952 3725 1146 3820 privilegiis
1160 3723 1267 3798 certis
1284 3725 1450 3797 frueban-

283 3842 349 3921 tur,
379 3833 429 3904 sic
455 3831 714 3906 Universitate's
739 3837 856 3907 multis
883 3837 1158 3910 immunitatibus
1182 3847 1317 3910 ornatae
1337 3847 1446 3923 sunt:

285 3943 376 4014 inter
394 3967 482 4039 quas
496 3943 756 4018 Avenionensis
774 3949 997 4020 Universitas
1012 3949 1070 4020 vel
1088 3949 1132 4020 ab
1151 3949 1230 4044 ipso
1252 3949 1349 4020 initio
1371 3949 1451 4043 plu-

285 4055 375 4126 rima
397 4057 464 4126 sibi
489 4057 686 4152 vindicavit,
722 4083 828 4154 quum
854 4059 925 4132 loci
956 4061 1215 4155 opportunitate
1242 4055 1350 4150 freta,
1377 4070 1451 4131 tum

285 4176 514 4262 patronorum
544 4177 720 4263 potestate
751 4181 856 4266 atque
887 4173 1109 4246 auctoritate.
1140 4175 1180 4243 ln
1206 4173 1332 4244 vicinio
1360 4173 1453 4244 enim

287 4278 414 4351 Gallici
434 4280 547 4373 regni,
568 4281 762 4378 eademque
779 4283 882 4354 simul
897 4284 960 4354 sub
977 4285 1107 4356 ditione
1124 4283 1226 4355 Sedis
1247 4284 1453 4380 apostolicae

328 4535 353 4590 1.
371 4539 452 4590 Unio.
470 4536 613 4608 d'Aoc'pn.,
629 4546 650 4592 t.
667 4537 699 4605 11;
716 4542 833 4594 Dorum.
851 4542 918 4601 dio„
934 4540 1032 4596 11331.

326 4625 352 4675 9.
368 4623 452 4681 ibid..
471 4631 489 4676 t.
507 4621 552 4686 lll,
566 4621 589 4676 ll
602 4627 665 4678 759.

326 4709 353 4766 3.
369 4711 522 4763 Annuuire
536 4709 570 4764 de
590 4712 733 4765 Vouoluse
748 4711 781 4766 de
799 4715 881 4774 1854,
894 4729 921 4786 p.
938 4715 1000 4771 ato.
