3686 5590
385 512 424 579 88
733 533 970 580 ostreasrrarrs
992 534 1213 582 aumtossssrs
1268 589 1272 597 ¹

386 667 467 732 sunt
490 658 549 732 illa
571 658 666 754 jura,
700 659 865 755 quoniam
894 669 953 732 aut
980 682 1084 756 aequo
1111 659 1288 732 crudelius
1314 660 1359 732 ab
1380 657 1550 754 imperitis

381 773 618 846 tondebantur
632 771 654 843 J
658 773 761 860 odaei,
776 781 835 845 aut
847 773 1010 844 honestae
1026 773 1189 869 quaedam
1202 773 1368 846 mulieres
1378 773 1549 848 immerito

380 887 550 958 infamem
574 895 694 968 notam
719 885 955 979 patiebantur.
986 886 1109 980 ltaque
1134 886 1178 957 ab
1204 887 1264 958 illo
1288 909 1354 958 usu
1377 889 1550 960 desistere

376 999 472 1093 jussi
497 1006 578 1070 sunt
596 997 790 1086 studentes,
820 998 1133 1090 septimodecimo
1159 999 1293 1071 saeculo
1319 1023 1328 1071 :
1355 1001 1424 1096 qui,
1445 1025 1550 1097 quum

382 1119 510 1206 sponte
548 1109 772 1205 privilegium
808 1111 971 1182 omittere
1008 1110 1221 1198 noluissent,
1263 1113 1370 1184 armis
1408 1113 1550 1184 tandem

381 1223 496 1297 coacti
524 1231 615 1311 sunt,
638 1245 680 1296 ac
700 1221 804 1294 simul
822 1222 1024 1316 impositum
1045 1223 1111 1293 fuit
1132 1223 1270 1296 Judaeis
1292 1248 1334 1296 ac
1357 1226 1550 1297 meretrici-

377 1337 446 1408 bus
475 1336 653 1423 tributum,
687 1359 756 1432 quo
788 1335 903 1406 solitae
932 1335 1048 1428 epulae
1079 1335 1299 1409 studentibus
1325 1347 1546 1430 pararentur.

379 1449 483 1532 Quod
506 1448 672 1520 tributum
698 1471 791 1520 anno
823 1447 1062 1535 1789Judaei,
1091 1471 1262 1520 novarum
1278 1473 1397 1522 rerum
1419 1449 1544 1544 gratia,

381 1561 522 1632 solvere
537 1561 760 1632 desierunt¹.
1514 1563 1518 1570 '

427 1673 546 1744 Fuere
574 1672 680 1744 etiam
706 1671 816 1744 multa
844 1671 1058 1743 studentium
1088 1672 1274 1765 privilegia
1307 1697 1455 1768 quorum
1480 1674 1549 1747 duo

379 1793 514 1856 tautum
537 1783 750 1856 referemus.
770 1785 890 1856 Noctu
909 1808 989 1855 cum
1013 1784 1132 1877 gladio
1158 1785 1235 1856 sine
1255 1785 1411 1857 lucernis
1426 1787 1550 1858 ambu-

378 1897 454 1968 lare
469 1918 535 1990 per
556 1896 633 1967 vias
651 1896 750 1967 urbis
764 1904 938 1989 poterant,
966 1903 1001 1966 et
1021 1895 1174 1988 gratuito
1188 1896 1224 1966 in
1239 1897 1451 1989 spectaculis
1469 1897 1548 1970 loco

379 2008 601 2080 fruebantur.
637 2008 834 2080 Duodecim
864 2007 1123 2100 primumcum
1144 2007 1314 2094 Rectore,
1345 2007 1485 2082 Abbate
1515 2020 1550 2081 et

380 2120 629 2206 Vico-tectore
642 2119 755 2191 libero
769 2120 805 2190 in
817 2119 993 2190 theatrum
1008 2141 1161 2190 accessu
1177 2119 1297 2190 donati
1308 2127 1418 2207 erant,
1435 2143 1549 2216 eoque

375 2231 459 2324 jure
474 2253 598 2302 omnes
617 2232 811 2318 studentes,
829 2231 974 2303 alternis
988 2231 1136 2317 vicibus,
1156 2231 1356 2302 utebantur.
1375 2232 1447 2304 Sed
1459 2233 1548 2304 alius

380 2343 446 2413 fuit
460 2343 538 2414 aliis
552 2343 772 2435 temporibus
788 2343 1024 2414 admissorum
1042 2365 1221 2429 numerus
1245 2343 1295 2413 ita
1308 2352 1346 2414 ut
1365 2344 1430 2415 sub
1443 2343 1550 2416 finem

382 2454 498 2526 octavi
516 2453 644 2525 decimi
668 2455 792 2526 saeculi
809 2452 883 2526 bini
898 2462 1033 2526 tantum
1052 2453 1204 2525 scenicis
1227 2455 1440 2548 spectaculis
1458 2457 1550 2528 assi-

380 2567 466 2638 dere
488 2574 637 2659 possent
654 2589 662 2637 :
682 2567 776 2662 quod
788 2567 923 2653 forsan,
948 2565 1129 2636 imminuto
1153 2565 1366 2637 studentium
1386 2590 1544 2656 numero,

383 2677 551 2772 paulatim
566 2686 736 2749 mutatum
755 2687 811 2749 est
826 2689 851 2750 ’.
927 2757 929 2762 ,

431 2788 533 2860 Talia
555 2789 657 2860 fuere
689 2789 901 2860 studentium
927 2791 1021 2883 jura,
1058 2813 1138 2886 quae
1169 2811 1367 2884 quanquam
1403 2791 1553 2883 primum

384 2922 495 2994 parva
508 2900 680 2988 videntur,
709 2901 909 2994 saepissime
930 2901 1076 2988 civibus,
1104 2910 1249 2994 propter
1269 2901 1492 2973 insolentiam
1510 2926 1552 2974 ac

382 3012 637 3105 procacitatem
660 3011 843 3105 juvenum,
876 3011 1127 3084 molestissima
1156 3012 1298 3083 fuerunt
1324 3035 1332 3082 :
1362 3021 1554 3104 propterea

388 3145 511 3195 eorum
525 3146 628 3193 usum
643 3123 810 3217 paulatim
830 3123 1052 3194 obsolevisse
1074 3123 1246 3209 videmus,
1273 3123 1386 3193 donec
1404 3122 1557 3204 Univer-

389 3235 475 3306 sitas
511 3235 654 3330 antiquo
701 3235 890 3328 splendore
927 3235 1073 3306 multum
1109 3235 1268 3328 dejecta,
1305 3235 1384 3328 ipsa
1416 3236 1558 3306 tandem

299 3403 303 3409 .
390 3347 576 3418 corruerit.
593 3346 685 3418 Haec
700 3347 794 3418 enim
809 3347 936 3434 omnia,
960 3357 1034 3418 tum
1056 3347 1271 3433 doctoribus
1293 3369 1398 3442 quum
1418 3346 1560 3416 studen-

389 3457 686 3529 tibusconcessa
712 3457 863 3544 fuerant,
894 3467 932 3529 ut
958 3467 994 3529 et
1023 3457 1145 3550 optimi
1171 3457 1330 3550 magistri
1359 3465 1394 3527 et
1420 3456 1560 3549 plurimi

390 3568 553 3662 discipuli
575 3569 619 3640 iis
646 3569 763 3640 allecti
783 3569 1004 3640 Avenionem
1034 3568 1281 3656 convenirent3
1310 3569 1428 3663 itaque
1458 3568 1561 3639 simul

390 3679 583 3750 decrevere
607 3679 791 3751 doctorum
821 3689 856 3750 et
881 3679 1094 3750 studentium
1118 3701 1286 3749 numerus
1311 3687 1416 3773 atque
1447 3702 1559 3750 aemu-

388 3791 484 3878 latio,
508 3801 543 3863 et
559 3791 742 3864 amborum
756 3791 952 3886 privilegia,
975 3799 1010 3863 et
1034 3790 1284 3864 Universitatis
1298 3790 1407 3863 fama.

436 4615 458 4661 Ι.
474 4608 606 4675 Fuisset,
622 4612 701 4670 c'bc'd„
717 4628 743 4682 p.
760 4613 817 4664 128.

433 4695 458 4750 t.
473 4692 491 4746 F
494 4708 604 4763 cassos,
619 4697 779 4756 toto-1³.
796 4699 848 4749 rcl.
863 4700 882 4749 ὰ
898 4697 1001 4750 l’Unc'c.
1019 4697 1150 4765 d’Aoc'yu.
1169 4701 1187 4748 t.
1206 4693 1227 4758 l,
1240 4690 1263 4746 l⁰
1277 4695 1339 4750 288.
