3676 5592
650 545 813 616 1111101111
834 567 1046 615 unumunurm.
1291 573 1292 580 ¹
1392 525 1429 614 db

266 696 612 760 decemremem*
639 717 674 759 u.
703 688 927 760 Mascaronis
955 688 1088 758 amicus
1111 687 1270 759 loannes
1296 688 1430 782 Sange-

267 801 398 887 nesius,
420 800 548 872 latinas
563 822 683 872 musas
700 822 720 870 a
734 800 866 871 teneris
881 807 1035 886 secutus,
1056 800 1218 870 eumdem
1236 809 1291 870 est
1305 811 1429 872 nactus

267 918 463 1003 patronum,
496 911 757 1006 familiaresque
784 911 876 982 inter
905 933 989 982 suos
1018 910 1259 982 annumeravit
1285 911 1431 984 nobilis·
1500 939 1501 946 ¹

269 1021 377 1093 simos
400 1023 495 1094 viros
518 1021 748 1095 Franciscum
767 1022 1009 1109 Barberinum‚
1037 1021 1230 1093 Herculem
1255 1020 1432 1094 Audiffre·

268 1142 340 1202 tum
368 1132 545 1205 Flecherii
569 1134 789 1222 avunculum,
816 1133 1014 1222 Balzacum,
1044 1133 1250 1227 Menagium
1270 1141 1304 1205 et
1325 1134 1434 1206 Joan-

268 1266 349 1314 nem
390 1245 540 1341 denique
581 1245 818 1339 (lapellanum,
868 1245 970 1338 cujus
1017 1267 1182 1338 asperum
1227 1245 1270 1316 de
1317 1245 1434 1340 puella

270 1354 490 1426 Francorum
518 1355 641 1428 ultrice
684 1377 827 1427 carmen
866 1355 1108 1427 incredibilem
1143 1355 1236 1449 apud
1276 1356 1433 1452 aequales

269 1465 409 1538 laudem
442 1467 607 1560 adeptum
643 1476 710 1538 est.
747 1468 794 1539 At
826 1467 1079 1559 Sangencsius,
1120 1490 1224 1562 quum
1261 1468 1435 1540 Lutetiam

271 1578 423 1667 visisset,
458 1577 677 1651 Avenionem
703 1579 802 1650 brevi
829 1579 1043 1672 remigravit,
1079 1579 1139 1650 ubi
1165 1579 1335 1675 reliquam
1358 1579 1434 1651 fere

272 1689 387 1778 vitam,
425 1714 504 1761 curn
539 1713 668 1784 magno
711 1690 966 1762 Parisiensium
1007 1687 1199 1762 amicerum
1241 1691 1429 1780 desideri0,

274 1801 478 1896 absumpsit,
499 1811 536 1872 ut
549 1811 646 1895 patet
661 1802 827 1896 exipsius
844 1801 993 1873 disticho
1012 1825 1019 1873 :

453 2017 500 2075 llei
515 2018 596 2074 mihi!
613 2034 662 2075 cur
676 2017 808 2074 Rhodano
825 2025 878 2074 lam
893 2018 976 2074 distat
991 2017 1117 2090 Sequana
1132 2017 1246 2076 nostro?

488 2105 542 2160 Cur
555 2104 621 2158 mihi
634 2103 735 2160 dilecto
751 2118 807 2158 non
820 2103 884 2160 licet
898 2119 979 2160 amne
990 2103 1073 2160 vehit

200 2387 204 2392 Ι
323 2299 410 2394 Ejus
426 2299 591 2387 carmina,
613 2321 811 2395 quanquam
825 2299 958 2372 nonita
976 2301 1172 2388 emendata,
1195 2323 1216 2373 a
1231 2299 1439 2396 quibusdam

276 2411 526 2500 laudabantur;
546 2411 789 2505 expilabantur
804 2411 909 2482 etiarn
929 2434 950 2483 a
975 2411 1182 2508 quibusdam
1207 2413 1295 2501 aliis,
1319 2415 1438 2510 quide
1498 2447 1500 2456 ⁴

274 2525 352 2618 ipso
386 2531 599 2595 tacuerunt:
632 2522 750 2594 satirae
771 2545 893 2594 sanam
910 2531 1028 2616 poetae
1056 2532 1208 2595 mentem
1233 2533 1439 2622 rectumque

270 2636 442 2731 judicium
470 2634 661 2721 declarant,
691 2634 755 2705 sed
777 2634 891 2720 studio
920 2643 1042 2706 carent
1068 2645 1103 2705 et
1132 2635 1185 2706 ira
1203 2646 1227 2706 ².
1256 2637 1438 2710 Mentione

277 2769 413 2843 quoque
430 2746 557 2839 dignus
578 2753 633 2817 est
653 2745 1068 2817 Balthazar-Franciscus
1087 2746 1131 2818 de
1148 2747 1308 2836 Merulis,
1335 2771 1439 2844 quem

275 2857 395 2950 magni
416 2856 586 2928 Cassinus
600 2856 766 2928 faciebat.
785 2857 878 2928 Nam
892 2857 944 2927 vir
960 2857 1018 2928 ille
1035 2856 1070 2927 in
1094 2858 1206 2950 poesi,
1232 2859 1439 2955 picturaque

276 2979 311 3040 et
322 2969 459 3042 musica
470 2991 593 3063 parem
609 2968 749 3039 laudem
764 2977 949 3039 assecutus
964 2975 1019 3039 est
1036 2991 1044 3039 :
1062 2968 1320 3042 mathematicae
1335 2971 1441 3044 etiam

277 3080 571 3175 astronomiaeque
602 3079 777 3151 interdum
804 3103 843 3151 se
876 3074 1085 3174 applicabat,
1127 3088 1162 3153 et
1199 3081 1323 3154 domus
1362 3083 1441 3177 ejus

273 3193 505 3266 litteratorum
523 3192 624 3287 quasi
638 3191 850 3263 domicilium
864 3192 928 3262 fuit
943 3191 968 3262 ³.

323 3305 371 3376 At
385 3304 548 3392 omnium,
569 3327 657 3400 quos
667 3303 744 3397 jam
756 3303 1023 3392 nominavimus,
1042 3303 1183 3376 laudem
1199 3304 1322 3378 forsan
1338 3328 1442 3402 supe-

275 3418 365 3490 ravit
404 3416 425 3487 J
429 3415 717 3510 oscphus-M'aria
764 3415 967 3503 Suaresius,
1024 3415 1166 3487 maximi
1208 3417 1347 3513 quidem
1389 3419 1442 3488 vir

275 3527 424 3602 nominis
453 3528 546 3622 apud
573 3527 742 3622 aequales,
771 3549 792 3598 a
820 3526 946 3622 quibus
973 3549 1082 3620 saepe,
1112 3550 1227 3624 neque
1252 3529 1435 3617 immerito,

274 3641 448 3713 laudatur.
466 3639 615 3710 Multum
627 3660 754 3732 nempe
765 3639 800 3709 in
813 3638 919 3709 variis
934 3638 1155 3710 sermonibus
1165 3639 1285 3726 latino,
1301 3664 1437 3734 graeco,

275 3753 392 3824 italico
417 3759 452 3822 et
478 3750 605 3843 gallico
636 3749 787 3845 denique
813 3749 976 3843 profecit.
1002 3751 1274 3823 Innumerabilia
1299 3753 1440 3847 scripsit

279 3887 398 3957 opera,
422 3863 457 3932 in
474 3862 598 3958 quibus
615 3871 841 3956 apparentet
860 3861 1066 3932 felicissima
1080 3862 1212 3954 ingenii
1226 3863 1387 3952 facilitas,
1408 3877 1444 3936 et

279 3974 475 4046 lautissima
493 3973 646 4045 omnium
668 3996 785 4044 rerum
808 3973 970 4044 eruditio.
991 3973 1044 4044 lta
1059 3973 1253 4045 doctrinam
1271 3975 1349 4069 ejus
1368 3976 1443 4047 elo-

283 4086 528 4184 quentiamque
545 4085 784 4179 probaverunt
807 4085 971 4173 Romani,
992 4085 1086 4179 apud
1108 4108 1196 4181 quos
1216 4086 1274 4157 diu
1293 4087 1387 4177 vixit,
1408 4096 1465 4160 ut*

320 4377 345 4433 l.
358 4378 526 4447 Clarenna,
538 4382 612 4436 Noc.
627 4376 702 4451 disq.
717 4380 785 4450 leq„
798 4393 822 4435 c.
840 4377 883 4446 23,
897 4395 924 4450 p.
940 4375 1000 4433 119.

320 4471 345 4520 2.
359 4465 448 4534 Baua,
465 4469 538 4520 Dict.

320 4553 346 4607 3.
362 4553 435 4607 lbtd.
452 4579 482 4594 -·
501 4551 577 4608 Circa
589 4553 682 4608 eadem
700 4560 823 4622 tempora
844 4549 1001 4605 nominatur
1013 4563 1028 4604 a
1041 4543 1124 4604 Paulo
1140 4543 1310 4602 (ledecumbe
1326 4543 1448 4602 Andreas

283 4632 442 4702 ldaestralus,
455 4638 552 4709 graecis
566 4637 663 4692 litteris
675 4637 800 4692 cruditus
814 4638 991 4706 (Fraqment.
1006 4635 1040 4690 de
1052 4636 1138 4703 prim.
1149 4633 1232 4702 Ι111111.
1243 4636 1334 4686 Auen.
1348 4639 1447 4700 creet,¹

288 4725 368 4779 Unio.
384 4723 506 4794 d'Aoiq.¹
525 4730 544 4777 t.
560 4721 593 4788 l.;
609 4725 697 4783 Htst„
712 4721 734 4775 p
747 4723 778 4776 45
792 4720 851 4796 ab).
