3686 5590
609 675 612 685 '
687 603 850 654 nrsroarcn
871 607 1083 656 munerario.
1409 591 1462 659 105

298 725 385 800 lices
415 725 530 823 gratia
556 723 727 822 viguerat,
762 749 841 824 quae
870 726 1030 800 maximis
1061 725 1268 800 interfuerat
1293 729 1456 824 negotiis,

298 833 407 936 priori
424 839 591 933 dignitate
608 848 712 936 atque
730 839 938 912 auctoritate
956 839 1107 934 dejecta,
1129 861 1208 912 eam
1225 848 1350 914 octavo
1367 843 1461 915 deci-

297 975 355 1024 mo
387 951 519 1024 saeculo
546 951 701 1024 habebat
726 974 856 1039 curam,
886 973 967 1022 eum
991 952 1150 1025 lahorem
1174 953 1400 1046 suscipiebat,
1425 964 1463 1028 ut

298 1062 604 1136 Avenionensibus
623 1063 885 1156 magistratibus
900 1070 1116 1156 negarentur
1130 1064 1240 1159 dapes
1259 1064 1295 1138 in
1314 1066 1463 1140 solemni

297 1175 498 1249 Natiuitatis
513 1175 672 1248 convivio
690 1175 816 1250 iisdem
829 1175 910 1250 olim
930 1197 1128 1249 concessae.
1257 1241 1259 1245 ,

572 2266 574 2270 .
676 2095 1088 2230 uouonusro

826 2489 931 2508 Μ

344 2957 398 3031 Ea
411 2958 518 3052 igitur
535 2955 635 3052 origo
651 2966 686 3030 et
703 2958 937 3054 amplificatio,
958 2981 1002 3031 ea
1019 2957 1178 3032 doctrina
1193 2965 1229 3030 et
1243 2956 1454 3048 constitutio,

297 3093 340 3142 ea
357 3071 507 3166 denique
523 3070 587 3141 fuit
605 3071 795 3144 auctoritas
808 3071 1057 3144 Universitatis
1071 3070 1342 3157 Avenioneusis,
1364 3094 1454 3164 quae,

295 3205 339 3252 ex
369 3183 511 3278 antiqua
539 3182 661 3254 schola
683 3183 831 3276 primum
853 3191 940 3270 orta,
963 3182 1107 3254 decreto
1133 3181 1259 3254 Gallici
1286 3181 1454 3274 Legiferi,

294 3303 331 3364 ut
355 3294 460 3384 aiunt,
491 3293 646 3381 Concilii,
678 3315 769 3365 anno
796 3295 900 3382 1792,
931 3295 1103 3387 abrogata
1125 3293 1203 3365 fuit.
1229 3292 1405 3366 AGarolo
1424 3293 1457 3364 ll

293 3405 398 3498 Rege
414 3405 497 3476 licet
512 3405 662 3492 condita,
681 3427 700 3476 e
717 3405 830 3500 regali
847 3428 930 3476 mox
948 3404 1128 3498 pontificia
1150 3404 1246 3476 facta
1269 3411 1335 3492 est,
1355 3411 1454 3497 post-

295 3538 398 3611 quam
412 3515 447 3586 in
465 3515 630 3586 ditionem
651 3514 841 3587 Clementis
856 3517 907 3587 Vl
926 3515 1020 3588 venit
1035 3538 1127 3589 anno
1147 3515 1250 3603 1348,
1271 3522 1306 3587 et
1323 3523 1456 3586 sanctae

294 3627 396 3698 Sedis
417 3626 633 3721 Apostolicae
650 3635 770 3720 partes
787 3628 961 3700 constanti
980 3628 1094 3699 studio
1112 3627 1189 3721 jam
1206 3634 1280 3698 tum
1297 3626 1459 3720 amplexa

294 3747 361 3810 est.
382 3737 548 3810 Attamen
568 3737 749 3809 fatendum
771 3748 826 3810 est
846 3761 924 3812 eam
943 3739 1118 3811 interdum
1142 3737 1298 3833 propriae
1322 3737 1458 3809 utilitati

291 3851 340 3922 ita
355 3849 587 3936 consuluisse,
611 3857 649 3919 ut
664 3849 834 3945 obsequio
852 3849 976 3922 Galliae
994 3850 1137 3943 Regum
1154 3849 1407 3942 benignitatem
1421 3847 1457 3919 in

292 3984 331 4034 se
346 3959 510 4032 verterit:
530 3959 657 4056 quippe
671 3983 750 4055 quae
767 3968 915 4056 utraque
930 3983 1046 4049 manu,
1063 3961 1308 4056 undecumque
1323 3959 1453 4030 tribue-

291 4081 422 4161 rentur,
451 4071 635 4166 privilegia
655 4071 769 4143 libens
793 4072 981 4166 acceperit,
1010 4071 1122 4166 ipsius
1152 4070 1301 4143 civitatis
1326 4069 1457 4142 callidi-

291 4193 399 4256 tatem
417 4184 563 4256 imitata.

340 4295 475 4367 Nostra
502 4317 630 4389 nempe
658 4294 890 4383 Universitas,
923 4316 1038 4390 neque
1065 4293 1197 4366 tamdiu
1225 4293 1450 4388 perstitisset,
1550 4325 1552 4330 ·

292 4429 407 4504 neque
435 4415 569 4479 tantum
594 4406 829 4494 inclaruisset,
862 4406 930 4478 nisi
956 4405 1146 4501 magnifica
1177 4429 1283 4502 quum
1314 4405 1457 4498 Regum

228 4613 231 4618 ἡ
294 4527 328 4590 et
350 4517 571 4608 Pontificum,
602 4526 675 4588 tum
699 4517 935 4590 Cardinalium
954 4527 989 4590 et
1010 4517 1226 4612 privatorum
1248 4516 1456 4588 liberalitate

293 4638 407 4716 aucta,
428 4629 548 4723 adjuta
567 4637 602 4700 et
615 4629 716 4724 quasi
731 4637 927 4701 sustentata
938 4629 1078 4702 fuisset.
1091 4629 1179 4712 Quae
1196 4627 1335 4724 quidem
1349 4627 1457 4698 hene-

292 4739 380 4813 ficiis
398 4739 597 4840 praesertim
617 4739 792 4817 cumulata
810 4748 865 4816 est
889 4763 910 4818 a
927 4741 1078 4818 Summis
1101 4739 1340 4829 Pontificibus,
1361 4721 1455 4838 ‘quo-
