3686 5590
675 537 839 588 nrsroarcr
859 537 1069 586 roonnarrro.
1410 518 1447 583 to

288 657 536 732 tabulariorum
561 658 695 732 reditus
720 681 789 731 non
808 659 884 751 jam
914 659 1175 731 communicans
1202 681 1280 730 cum
1306 658 1441 745 scribis,

288 772 405 844 officia
420 769 487 842 illis
512 772 548 842 in
569 779 788 864 perpetuum,
818 793 933 843 annuo
959 770 1132 864 praefinito
1148 793 1268 857 censu,
1288 770 1443 841 contulit.

289 883 490 955 Scribarum
498 905 669 977 veroque
678 881 895 977 fidematque
905 882 1120 975 diligentiam
1134 881 1248 974 magis
1262 881 1441 970 excitaret,

288 995 406 1066 munia
420 994 520 1089 quasi
536 994 785 1064 haereditatem
802 993 881 1063 filiis
900 993 1058 1088 relinqui,
1080 1001 1139 1063 ant
1157 992 1266 1063 cuivis
1285 991 1342 1063 alii
1357 993 1447 1064 tradi

290 1107 378 1193 sivit,
400 1128 442 1176 ea
456 1113 588 1177 tantum
602 1105 731 1196 legent
748 1127 938 1175 successor
952 1105 1125 1175 modicam
1137 1103 1322 1196 pecuniam
1333 1104 1442 1191 daret,

290 1241 368 1313 quae
397 1217 502 1309 vulgo
530 1215 722 1286 vocabatur
752 1243 768 1279 «
785 1214 1023 1309 contpooenolc
1036 1225 1063 1286 ¹.
1084 1243 1101 1278 o
1126 1214 1183 1285 Sic
1199 1211 1448 1285 tabulariorum

288 1336 479 1421 proventus
493 1325 632 1398 adaucti
645 1333 737 1396 sunt.
749 1327 789 1396 ln
802 1349 869 1420 quo
881 1325 1039 1396 miranda
1052 1333 1106 1396 est
1120 1324 1262 1396 solertia
1271 1325 1451 1396 Universi-

288 1440 369 1510 tatis
398 1461 477 1534 quae
511 1467 526 1502 «
542 1436 790 1532 componendis
807 1466 824 1502 »
853 1460 924 1508 non
955 1444 1130 1524 contenta,
1160 1458 1321 1507 nummos
1345 1437 1450 1508 etiam

289 1550 507 1643 exposcebat
529 1571 550 1620 a
576 1548 701 1618 scribis
719 1571 818 1642 quos,
842 1555 1029 1642 antequam
1048 1569 1111 1618 eos
1135 1547 1170 1617 in
1185 1546 1451 1640 possessionem

238 1667 240 1674 ’
286 1661 536 1758 tabulariorum
550 1658 1442 1752 mitteret,inexperimentumingeniietcalliditatis

286 1772 497 1864 interrogari
531 1771 689 1842 curabat¹
721 1771 870 1858 Etenim,
910 1792 1001 1842 anno
1034 1768 1137 1856 1598,
1170 1769 1287 1840 scriba
1313 1769 1382 1840 loci
1405 1771 1449 1842 de

287 1883 455 1955 Montiliis
471 1905 541 1954 non
558 1881 671 1952 solum
689 1904 796 1951 unum
818 1889 955 1952 scutum
976 1881 1101 1975 cuique
1126 1881 1308 1952 doctorum
1323 1903 1451 1974 aggre-

290 2004 452 2088 gatorum
474 2022 490 2058 o
502 2015 574 2088 pro
591 1991 834 2087 componendo
848 2020 881 2079 o,
903 1991 1015 2062 sedet
1032 1991 1174 2084 duplum
1192 1991 1397 2062 Primieerio
1416 2001 1451 2064 et

292 2111 440 2200 quatuor
466 2103 670 2195 regentibus
700 2131 715 2167 «
725 2123 798 2198 pro
814 2102 965 2196 juribus
990 2100 1167 2172 cacuminis
1190 2130 1206 2167 »
1239 2109 1274 2172 et
1305 2102 1452 2174 similem

292 2238 459 2290 summam
485 2213 642 2285 «bedello
651 2236 723 2309 pro
741 2212 869 2284 litteris
884 2212 1259 2306 coadjutorioe»solvit
1275 2223 1298 2283 ².
1317 2211 1451 2285 Eodem

292 2350 394 2414 anno,
408 2325 586 2397 dimidium
596 2334 728 2395 tantum
744 2324 904 2417 ejusdem
916 2324 1078 2418 pecuniae
1098 2325 1246 2395 dabatur
1258 2324 1301 2396 de
1316 2353 1331 2389 «
1342 2325 1451 2397 cood-

288 2438 429 2534 jatorio
455 2435 705 2533 Grofforiotas
723 2464 738 2500 »
757 2435 793 2504 in
820 2434 1152 2528 Carpentoractensi
1172 2435 1269 2506 curia
1294 2437 1451 2529 appella-

292 2551 437 2621 tionum.
472 2549 557 2619 Inde
588 2569 717 2640 magna
747 2547 783 2616 in
816 2547 886 2617 hoc
917 2547 1091 2617 redituum
1130 2569 1262 2640 genere
1290 2548 1447 2637 variatio,

292 2660 491 2756 praesertim
518 2681 623 2754 quum
647 2657 780 2751 saepius
802 2657 1024 2729 Universitas
1056 2657 1181 2728 scribis
1209 2686 1226 2724 «
1242 2678 1454 2754 componen-

294 2772 426 2844 dorum
449 2800 465 2836 »
509 2769 761 2842 immunitatem
805 2768 1035 2856 concesserit,
1082 2776 1141 2840 aut
1176 2769 1255 2863 ipsa
1297 2769 1454 2843 debitam

293 2883 479 2978 pecuniam
515 2880 700 2976 quotannis
728 2903 799 2951 non
826 2880 997 2972 exegerit.
1030 2879 1087 2951 Sic
1122 2880 1159 2972 in
1191 2880 1303 2973 spatio
1331 2881 1453 2976 viginti

293 3018 463 3068 annorum
472 2992 693 3065 Universitas
706 2992 814 3063 libras
826 2992 965 3063 circiter
976 3000 1111 3085 septem
1123 2991 1228 3062 millia
1239 3001 1273 3063 et
1283 2993 1453 3067 ducentas

294 3107 478 3199 sexaginta
502 3104 660 3198 percepit
677 3102 702 3173 ³.
733 3103 804 3174 Sed
827 3125 962 3174 annuos
988 3103 1238 3174 tabulariorum
1261 3113 1452 3197 proventus

294 3215 1452 3314 nunquamremisit,quosaliosquoquealiistemporibusvidemus

294 3330 396 3402 Anno
432 3328 535 3413 1608,
579 3350 623 3397 ex
654 3327 814 3398 omnibus
851 3327 1101 3397 tabulariorum
1140 3349 1282 3398 suorum
1315 3329 1450 3416 scribis,

295 3440 522 3514 Universitati
540 3439 680 3509 ducenti
694 3438 816 3532 viginti
831 3438 898 3509 dno
920 3439 1009 3509 scuti
1029 3437 1126 3536 aurei
1151 3439 1196 3508 ad
1211 3439 1349 3531 signum
1370 3441 1454 3512 solis

296 3564 331 3624 et
346 3551 576 3650 quadraginta
601 3550 702 3620 solidi
725 3558 895 3620 venerunt
912 3547 939 3619 4.
960 3549 1040 3636 Sed,
1068 3571 1159 3621 anno
1189 3549 1291 3636 1691,
1318 3551 1458 3653 tabula-⁴

294 3665 426 3736 riorum
450 3662 554 3734 annui
578 3661 710 3731 reditus
737 3661 785 3732 ita
816 3661 1057 3747 decreverunt,
1092 3668 1130 3730 ut
1158 3683 1328 3733 summam
1351 3664 1455 3735 modo

297 3784 436 3847 centum
453 3773 645 3866 nonaginta
662 3773 765 3842 trium
785 3779 963 3843 scutorum
972 3780 1006 3843 et
1019 3772 1249 3868 quadraginta
1264 3772 1455 3845 solidorum

297 3884 546 3980 attingerent⁵.
576 3884 688 3956 Annis
721 3882 824 3972 1705,
854 3883 946 3955 1718
972 3892 1007 3954 et
1036 3883 1129 3955 1770
1151 3892 1386 3977 pervenerunt
1410 3887 1456 3958 ad

298 4001 467 4072 ducentos
486 4005 566 4069 octo
578 4004 613 4068 et
622 3995 844 4092 septuaginta
859 4003 978 4068 scutos
990 3995 1258 4092 quibusoportet
1266 3995 1457 4090 nonaginta

336 4346 361 4399 1.
376 4345 411 4398 P.
427 4343 512 4398 relat.
527 4345 546 4398 d
560 4341 662 4398 l'Unio⁴
678 4340 822 4414 d'rloign.¹
839 4351 858 4398 t.
876 4337 921 4408 111,
935 4337 957 4397 10
969 4342 1030 4408 tou,
1048 4339 1110 4396 769.

335 4431 360 4482 2.
378 4430 457 4484 Unio.
473 4430 615 4498 d'Aoiqn.,
631 4436 651 4482 t.
668 4427 690 4498 13
704 4431 791 4489 Htst„
808 4426 829 4482 l⁰
847 4431 882 4484 59
896 4439 935 4486 v0.
953 4427 988 4482 Ex
1000 4427 1072 4484 libro
1086 4420 1304 4484 conclusionum·

336 4516 362 4569 3.
374 4515 457 4574 Iota,
474 4524 493 4568 t.
509 4513 555 4579 111,
570 4512 591 4568 10
603 4515 667 4568 538.

336 4597 722 4666 e.1btd.,t.1,srttt,415.

337 4689 364 4744 b.
379 4686 462 4747 tend,
477 4682 510 4740 l⁰¹
524 4685 587 4754 116,
601 4687 662 4754 488,
