3676 5592
336 577 369 639 ta
678 596 912 640 uurvnnsmurrs
935 594 1153 641 uvnutounusrs

267 763 268 768 κ
334 713 592 785 arbitrabantur
617 725 624 750 ¹
651 743 685 784 ».
706 715 763 784 Ad
781 715 860 785 haec
878 715 1137 785 amoenissimus
1164 715 1259 785 urbis
1277 715 1374 801 situs,
1400 715 1500 786 coeli-

337 848 403 920 que
428 825 637 896 suavissima
658 826 880 918 jucunditas¹
911 836 944 896 et
973 826 1185 896 commercia
1213 848 1234 897 a
1262 827 1397 896 civibus
1422 850 1501 896 oum

288 1005 291 1012 .
337 936 451 1008 Gallia
480 937 818 1032 Italiaqueassidue
846 938 966 1009 habita
1002 948 1026 1007 ².
1058 937 1263 1008 Bonifacius
1291 938 1408 1030 igitur,
1446 937 1503 1008 vel

338 1056 462 1142 sponte
483 1070 558 1135 sua,
587 1048 643 1120 vel
661 1047 969 1136 Avenionensium,
998 1058 1056 1120 aut
1078 1048 1194 1120 Caroli
1216 1049 1313 1142 regis
1336 1049 1502 1144 precibus

336 1159 461 1242 flexus
484 1159 541 1230 vel
567 1159 669 1231 dictis
693 1181 800 1253 supra
824 1161 942 1231 causis
961 1160 1144 1254 impulsus
1165 1159 1395 1232 Academiam
1407 1161 1502 1254 jam-

338 1271 474 1365 pridem
498 1271 680 1343 Avenione
707 1271 930 1342 informatam
961 1272 1159 1364 approbari,
1173 1359 1176 1366 ¹
1191 1271 1308 1366 ibique
1332 1271 1503 1367 penetrate

342 1383 550 1458 litterarum
577 1381 738 1453 studium
767 1391 801 1453 et
832 1405 897 1454 sua
923 1383 1130 1454 auctoritate
1159 1393 1193 1454 et
1221 1407 1285 1454 suo
1309 1384 1505 1477 patrocinio

339 1495 467 1566 florere
491 1494 598 1566 voluit
622 1493 647 1564 ³.
668 1494 758 1564 Tres
778 1494 890 1587 igitur
916 1495 964 1566 ibi
988 1495 1191 1566 Facultates
1221 1495 1346 1583 sanxit,
1380 1495 1507 1592 quibus

341 1605 497 1700 profiteri
509 1606 570 1700 jus
587 1605 794 1677 canonicum
813 1614 848 1677 et
870 1606 982 1694 civile,
1007 1606 1217 1677 medicinam
1235 1616 1401 1703 artesque
1416 1607 1506 1678 libe-

341 1718 446 1805 rales,
475 1726 509 1788 et
532 1717 694 1788 conferre
713 1717 846 1810 gradus
860 1717 896 1787 in
915 1718 1190 1813 qualibetparte
1212 1718 1384 1812 permisit.
1406 1717 1509 1790 Bulla

343 1829 606 1924 approbationis
621 1828 770 1900 Ananiae
789 1829 871 1901 data
886 1838 941 1900 est
957 1853 1047 1902 anuo
1067 1829 1170 1917 1303,
1193 1829 1276 1901 Kal.
1296 1830 1317 1900 J
1322 1830 1368 1900 ul.
1387 1827 1413 1900 ⁴.

390 1941 486 2034 Ergo
513 1941 717 2036 antiquitate
742 1963 807 2012 sua
816 1941 899 2034 jure
921 1941 1092 2034 gloriatur
1111 1941 1333 2013 Universitas
1348 1939 1506 2012 Aveuio-
1623 1951 1644 2040 ‚¹
1682 1997 1684 2006 ,

342 2053 485 2140 nensis;
508 2053 646 2152 »quippe
671 2075 751 2146 quae
779 2053 1019 2124 celeberrimis
1048 2052 1184 2141 Galbae,
1220 2061 1279 2124 aut
1303 2053 1426 2141 ltaliae,
1449 2061 1508 2124 aut

342 2165 527 2260 Hispaniae
550 2163 752 2236 Academiis
776 2185 899 2258 parem
925 2164 1001 2236 fere
1027 2165 1142 2260 possit
1159 2165 1344 2237 vetustatis
1368 2165 1510 2237 laudem

346 2277 514 2350 affectare
533 2275 558 2348 ⁵.

816 2894 973 2968 CAPUT
1009 2899 1042 2967 ll

738 3171 777 3208 DE
803 3169 912 3210 Ludunt
938 3170 1125 3210 FACULTATE

398 3389 658 3460 Avenionensis
690 3389 911 3462 Universitas
942 3398 1090 3484 quatuor
1119 3388 1258 3482 quidem
1292 3408 1362 3454 non
1398 3391 1514 3452 autem

328 3507 330 3510 ’
354 3501 510 3598 aequales
522 3502 725 3572 Facultates
742 3501 881 3572 babuit:
896 3509 969 3570 tres
984 3500 1075 3570 enim
1086 3499 1194 3584 initi'c,
1215 3497 1350 3588 scilicet
1363 3495 1509 3586 Legum,

353 3616 563 3686 Litterarum
584 3622 618 3684 et
640 3614 842 3701 Medicinae,
872 3636 916 3684 ex
934 3612 1109 3684 Boniiacii
1123 3611 1203 3681 Vlll
1227 3609 1323 3679 bulla
1346 3607 1515 3676 institutae

355 3735 444 3814 sunt,
462 3749 548 3822 quas
561 3726 737 3818 posterius
747 3726 850 3796 modo
864 3722 1202 3820 quartaTheologiae
1213 3719 1382 3791 Facultas
1395 3725 1517 3788 secuta
1577 3761 1579 3766 ι

355 3847 430 3926 est3
450 3861 495 3908 ex
508 3837 680 3931 prioribus
697 3837 812 3925 etiam,
829 3837 965 3928 Legum
979 3833 1146 3906 Facultas
1163 3832 1278 3903 statim
1296 3838 1331 3900 et
1342 3836 1516 3922 perpetuo

354 3949 474 4043 viguit,
505 3949 651 4045 reliquae
678 3958 795 4020 autem
825 3948 939 4019 serius
963 3953 1097 4018 tantum
1125 3951 1171 4032 et,
1199 3943 1305 4035 longo
1330 3940 1517 4032 interjecto

354 4070 524 4154 tempore,
548 4061 738 4133 etenebris
757 4060 918 4131 videntur
937 4057 1140 4130 emersisse.
1169 4057 1305 4149 ltaque,
1325 4053 1369 4124 de
1388 4049 1518 4121 Facul-

355 4182 427 4244 tate
458 4173 605 4264 Legum,
639 4195 719 4267 quae
750 4181 948 4265 temporum
977 4168 1098 4240 ordine
1128 4166 1242 4260 prima
1267 4164 1342 4252 fuit,
1371 4161 1520 4257 primum

395 4412 419 4464 1.
434 4407 564 4474 Ventum,
577 4411 656 4471 totu„
671 4408 693 4464 1ο
707 4411 751 4464 57.

394 4499 419 4546 9.
435 4493 516 4548 Coun.
532 4493 624 4564 Vnum,
639 4499 770 4550 Annales
785 4496 954 4563 d’Aotqnom
970 4500 989 4557 t,
1005 4489 1040 4559 ll,
1060 4488 1082 4543 1ο
1101 4491 1149 4542 131
1163 4498 1202 4543 v0.

394 4583 420 4634 3.
435 4578 600 4643 Guarceno..
613 4584 699 4634 Noua
714 4581 788 4648 disq.
803 4583 869 4648 leq„
884 4595 911 4648 p.
930 4579 990 4629 116.

395 4669 421 4718 l.
439 4668 555 4718 Bullar.
573 4668 657 4718 Ciuit.
670 4671 783 4728 Auem„
798 4681 825 4735 p.
842 4666 903 4716 597.

397 4752 424 4808 5.
440 4750 524 4804 Cano.
541 4749 636 4814 lunt„
653 4757 671 4803 t.
689 4749 723 4814 ll,
739 4747 760 4806 1ο
776 4749 820 4806 lit
838 4755 877 4804 v⁰.
