3686 5590
373 569 411 634 60
722 597 958 642 usrvnnamsms
982 599 1200 644 svnsrouassts

371 709 449 784 simi
486 738 627 812 semper
654 719 765 810 fuere,
801 721 927 794 iisdem
959 721 1098 816 legibus
1125 721 1254 793 fuerint
1281 717 1437 814 obligati.
1468 718 1539 796 Sed

373 827 609 903 certissimum
634 834 817 922 babemus,
844 859 966 907 omnes
987 836 1096 932 quiin
1114 833 1350 906 Universitate
1368 833 1535 928 legebant

368 941 523 1031 pretium
543 947 661 1040 operis
678 949 863 1044 accepisse
882 960 905 1019 ¹.

341 1045 345 1054 ¹
419 1055 516 1140 Quos
533 1069 649 1132 autem
667 1061 806 1154 legibus
831 1062 1029 1157 ceterisque
1053 1060 1245 1154 disciplinis
1264 1059 1540 1131 informaverant

370 1167 573 1266 discipulos,
592 1175 1012 1266 promovebantetiamad
1023 1173 1155 1265 gradus
1167 1174 1331 1244 doctores
1345 1171 1535 1264 collegiati.

368 1275 477 1372 Cujus
499 1282 562 1370 rei,
591 1282 647 1353 vel
665 1284 782 1376 potius
803 1283 906 1376 juris,
940 1280 1130 1374 participes
1148 1281 1183 1350 in
1202 1279 1374 1373 principio
1402 1286 1502 1350 erant
1516 1277 1538 1346 ii

368 1391 426 1486 qui
448 1393 655 1466 dicebantur
682 1393 867 1466 «Comites
889 1393 1055 1465 Palatini
1064 1404 1088 1464 ².
1109 1423 1125 1458 »
1145 1393 1308 1488 Namque
1332 1414 1409 1462 mos
1427 1393 1541 1484 Jama

368 1504 484 1576 multis
515 1507 615 1578 annis
645 1508 850 1595 invaluerat,
889 1515 925 1577 ut
959 1536 975 1572 a
994 1505 1114 1576 rnaltis
1139 1504 1298 1600 privatis
1324 1501 1495 1599 personis
1519 1530 1535 1567 a

367 1615 517 1690 facultas
534 1619 740 1691 conferendi
750 1619 903 1712 insignia
914 1620 1097 1690 doctorum
1107 1641 1172 1711 per
1183 1639 1339 1688 summos
1353 1615 1538 1709 pontifices

366 1730 635 1830 concederetur.
663 1733 764 1814 Quod
794 1732 933 1827 quidem
960 1732 994 1801 in
1015 1753 1155 1824 «praee
1183 1727 1448 1824 preejadieiana
1465 1757 1481 1792 »
1503 1736 1538 1799 et

373 1869 388 1906 a
404 1842 590 1912 notariam
611 1841 869 1914 detrimentare
884 1871 900 1907 »
929 1841 1177 1913 Universitatis
1211 1841 1383 1910 vertebat.
1416 1841 1538 1935 ltaque

368 1975 459 2025 anno
491 1954 594 2040 1523,
625 1957 824 2027 antediem
854 1963 1013 2050 quartum
1042 1955 1125 2024 Idus
1154 1953 1342 2038 Febrem,
1374 1951 1538 2023 doctores

278 2117 284 2132 .
367 2065 616 2139 Universitatis
656 2074 853 2139 statuerunt
875 2090 952 2137 rem
983 2065 1256 2136 denuntiandam
1290 2087 1371 2134 esse
1402 2087 1537 2135 summo

369 2177 541 2268 Pontifici,
576 2188 617 2250 at
641 2178 855 2275 procideret
884 2177 927 2249 de
957 2177 1114 2248 remedio
1150 2185 1363 2272 opportuno.
1402 2175 1534 2248 Omnes

366 2309 568 2377 assensere,
591 2314 660 2361 uno
679 2298 813 2361 tantum
827 2289 1052 2382 discrepante
1071 2289 1265 2358 Francisco
1279 2287 1427 2370 Merali,
1447 2287 1533 2380 «qai

367 2399 462 2472 atate
493 2425 530 2472 se
553 2401 686 2472 babere
707 2401 941 2498 prioilepianr
976 2399 1193 2472 doctorandi
1213 2399 1363 2470 cainan
1383 2399 1538 2469 intendit

365 2509 557 2606 derepere,
579 2535 645 2585 nee
660 2513 863 2585 consentire
878 2511 1107 2585 conclusioni.
1125 2541 1141 2576 »
1161 2511 1397 2584 Nihilominus
1413 2511 1536 2582 decre·
1577 2585 1580 2597 ,

365 2633 489 2694 verunt
508 2648 547 2696 se
567 2633 768 2719 rogaturos,
794 2655 810 2690 a
830 2625 915 2696 gaam
927 2625 977 2695 D.
995 2625 1046 2695 N.
1067 2624 1225 2719 Papant,
1243 2631 1382 2693 ostenso
1398 2625 1536 2718 proeja

365 2733 456 2808 dicio
484 2737 751 2822 (adversantis,
774 2747 813 2808 at
829 2737 1015 2809 Sanctitas
1038 2760 1103 2806 saa
1122 2735 1301 2805 inhiberet
1322 2734 1485 2806 ontnibas
1501 2743 1537 2804 et

367 2847 662 2944 quibuscamque,
688 2874 733 2920 ne
755 2858 945 2946 proeteata
966 2849 1046 2920 talis
1069 2846 1255 2943 prieilepii
1282 2847 1450 2930 concessi,
1481 2847 1539 2916 oet

364 2959 592 3044 concedendi,
610 2986 712 3033 neate
728 2963 799 3032 nisi
805 2986 878 3058 per
898 2960 1177 3032 Universitatent
1194 2958 1384 3030 doctorant
1404 2982 1535 3053 appre-

362 3079 536 3164 patorant
559 3082 595 3145 et
618 3073 656 3143 ia
681 3074 848 3144 eramiae
870 3073 1048 3168 riporoso,
1075 3070 1262 3142 soltertia
1285 3070 1364 3166 ipsa
1391 3070 1535 3142 ciuitate

362 3181 618 3267 Aeeaionensi,
648 3183 823 3280 recipiat³
841 3183 1002 3279 praetant
1026 3182 1196 3265 doctoris,
1213 3182 1284 3252 nisi
1304 3205 1376 3277 per
1400 3181 1534 3252 dictant

368 3292 648 3367 Unittersitatem
697 3297 933 3383 concedatur,
974 3292 1163 3391 praeterea
1209 3293 1305 3388 qaod
1342 3317 1443 3363 aenio
1487 3317 1535 3364 ea

364 3404 526 3476 Dominis
536 3406 743 3479 <lacteridas
755 3407 963 3503 appropietis
978 3429 1043 3479 nec
1053 3406 1091 3476 ia
1099 3404 1532 3500 fatararaapprepandis,

362 3515 507 3589 intersit
537 3519 699 3590 eaantini
720 3527 785 3590 aat
808 3519 948 3614 prodas
969 3506 1187 3591 concessioni
1208 3517 1361 3610 aliaajas
1386 3516 1533 3586 volentis

360 3628 545 3724 pradaari
571 3630 679 3702 aliter
711 3653 820 3725 qaam
843 3645 917 3727 per
951 3654 1106 3702 eaanien
1132 3629 1338 3724 riporosant
1378 3627 1535 3698 atior-ant

400 3915 423 3964 t.
441 3915 530 3966 Balla
543 3915 625 3966 stan·
638 3917 654 3965 l
659 3917 687 3974 V,
703 3918 732 3967 ia
746 3917 824 3968 Bait.
840 3917 924 3968 ctae.
939 3919 1040 3973 Aean„
1057 3916 1090 3966 ot
1108 3922 1135 3968 et
1151 3915 1195 3966 71.

396 3997 421 4049 ἓ.
439 3994 557 4052 Comites
577 3996 717 4053 Palatinos
736 3998 899 4068 conjicimus
918 3997 1161 4068 praestantissimos
1183 3997 1317 4070 quosdam
1340 3996 1426 4053 luisse
1446 3999 1535 4065 viros,

361 4079 407 4150 qui
428 4080 463 4137 ob
479 4082 576 4138 merita
597 4084 625 4136 ia
648 4083 832 4155 Apostolicam
860 4083 957 4138 Sedem
982 4083 1050 4138 illud
1078 4083 1228 4138 nobilitatis
1250 4084 1360 4139 titulum
1381 4101 1397 4138 a
1417 4083 1537 4138 Romana

362 4163 442 4220 Curia
457 4177 629 4239 acceperant.
641 4167 763 4240 Septimo
782 4167 889 4224 decimo
905 4168 1150 4234 saeculo,summus
1165 4167 1291 4223 Pontifex
1306 4169 1444 4224 concessit
1458 4168 1534 4223 t-m.

362 4249 490 4308 Suaresio
505 4253 551 4323 jus
567 4253 727 4310 nominandi
750 4256 820 4309 sacri
840 4252 934 4308 Palatii
953 4253 1081 4310 Comites
1097 4253 1125 4307 P.
1141 4253 1169 4307 F.
1185 4253 1328 4308 laudatus
1343 4252 1441 4309 Comes
1456 4253 1538 4308 Pala-

363 4335 437 4392 tinus
451 4345 519 4392 erat.
536 4337 637 4408 (Banu,
653 4343 739 4399 Dict„
765 4357 792 4410 p.
817 4340 864 4393 tat
882 4348 909 4393 et
922 4340 992 4409 tta).
1010 4369 1046 4380 —-
1063 4359 1076 4390 u
1092 4337 1226 4394 Habuisse
1243 4354 1366 4394 summos
1387 4337 1537 4393 Pontifices

362 4435 427 4476 suos
447 4420 567 4478 Comites
590 4423 728 4480 Palatinos
746 4424 855 4480 videtur
879 4425 938 4478 erui
963 4439 997 4478 ex
1020 4423 1097 4478 bulla
1120 4422 1254 4479 Jolrannis
1279 4422 1336 4476 Xlll
1363 4423 1424 4487 Pa,
1454 4439 1535 4494 quam

362 4505 481 4562 describi
496 4507 636 4580 UghelluS,
651 4517 671 4563 t.
689 4508 710 4572 l,
725 4525 752 4579 p.
770 4513 820 4562 115
831 4509 911 4578 cujus
927 4507 1012 4564 irater
1025 4509 1166 4564 Albericus
1185 4513 1285 4562 Comes
1304 4508 1399 4562 Palatii
1422 4508 1537 4563 interest

361 4590 496 4657 iudicato,
513 4592 588 4664 quod
602 4593 660 4663 ipse
675 4591 798 4649 Pontifex
814 4593 927 4664 protulit
942 4593 971 4648 in
988 4593 1107 4648 Ecclesia
1117 4592 1144 4649 S.
1165 4592 1288 4648 Silvestri
1315 4593 1387 4650 intra
1403 4593 1535 4648 Palatium

362 4675 581 4732 lateranense.»
600 4676 643 4745 (V.
660 4677 751 4750 Gangii
766 4678 864 4752 gloss,
878 4689 898 4732 t.
914 4677 961 4746 ll.)

398 4764 424 4816 3.
439 4765 579 4836 Ηυοίρὶατ,
595 4764 780 4822 concedatur,
798 4767 914 4819 intersit
929 4780 979 4838 pto
996 4769 1213 4836 reciperatam.
