3676 5592
458 756 460 767 ,
588 563 1083 740 erueremus

359 889 1318 1062 AVENIONENSIS

507 1194 790 1272 HISTORICA
825 1197 1169 1276 ADUMBRATIO

731 1457 946 1478 ——m

607 1817 797 1914 PARS
838 1815 1068 1914 PRIOR

283 2036 340 2100 De
363 2035 671 2102 Universitatis
693 2035 939 2117 originibus
962 2035 1076 2100 etde
1098 2038 1280 2116 quatuor
1301 2035 1392 2115 ejus

686 2145 979 2209 Facultatihus

779 2378 895 2394 —

719 2747 895 2820 CAPUT
930 2751 945 2820 Ι

215 2953 218 2960 .
251 2931 286 3014 bu
300 2972 475 3015 avaulousuu
490 2971 649 3012 seinamma
662 2967 765 3010 CAROLO
775 2969 794 3008 ll
808 2969 911 3010 PRIMUM
924 2967 1104 3026 conatuum,
1115 2969 1214 3011 DEINDE
1224 2969 1359 3012 aonffacu
1372 2972 1418 3013 Vlll

553 3036 754 3138 aranonarlorut
769 3071 796 3110 IN
811 3069 1022 3110 uutvnnslraruu
1033 3069 1117 3110 VERSA

301 3336 512 3431 Priusquam
535 3337 676 3434 inclytae
698 3337 891 3410 Avenionis
912 3337 1117 3410 Academiae
1136 3336 1319 3430 originem,
1341 3335 1417 3406 for-

252 3469 344 3518 mam
369 3457 404 3519 et
425 3449 601 3521 fortunam
620 3472 828 3543 expromere
851 3451 1113 3544 aggrediamur,
1139 3449 1272 3520 forsan.
1295 3470 1416 3541 operae

252 3559 402 3651 pretium
428 3561 520 3632 feret
546 3563 737 3654 respicere,
771 3585 850 3658 quae
885 3563 1084 3656 priscorum
1116 3559 1417 3632 Avenienensium

251 3671 287 3739 in
305 3694 380 3741 rem
393 3671 598 3742 litterariam
615 3673 729 3744 studia
746 3674 887 3744 fuerint.
906 3673 988 3760 Sed,
1012 3683 1049 3743 ut
1069 3673 1112 3743 de
1129 3671 1309 3744 Gallorum
1325 3670 1416 3740 ludis

253 3781 295 3852 ab
323 3805 397 3866 uno
424 3783 626 3854 Valladerio
652 3783 814 3872 laudatis,
848 3785 897 3856 ita
926 3785 969 3856 de
1001 3783 1254 3856 ecelesiasticis
1285 3781 1416 3852 scholis

251 3893 287 3963 in
303 3894 412 3988 priori
426 3894 532 3966 medii
547 3896 614 3966 aevi
631 3905 732 3990 parte
747 3897 975 3990 probabiliter
985 3897 1061 3990 jam
1076 3894 1294 3980 florentibus,
1316 3908 1417 3964 caute

254 4000 426 4071 silendum
444 4023 526 4072 esse
547 4025 745 4092 censemus,
775 4027 819 4074 ne
843 4003 886 4075 de
906 4027 945 4074 re
965 4013 1037 4075 tam
1063 4003 1215 4074 obseura
1237 4001 1420 4072 videamur

255 4111 486 4183 confidentius
517 4121 552 4184 et
577 4114 785 4187 insolentius
817 4115 1010 4208 disputare.
1040 4113 1214 4208 Quidquid
1248 4113 1340 4183 enim
1373 4112 1417 4182 de
1457 4193 1460 4200 ¹

254 4223 503 4318 antiquissimis
526 4224 720 4297 litterarum
744 4226 867 4297 studiis
893 4227 986 4320 apud
1011 4225 1281 4297 Avenionenses
1307 4222 1417 4302 tradi-

253 4344 326 4405 tum
345 4343 410 4423 est,
438 4335 475 4406 id
492 4344 603 4407 totum
617 4337 778 4410 invalidis
795 4338 952 4409 innititur
968 4337 1216 4422 fundamentis
1246 4344 1291 4422 et,
1315 4343 1352 4404 ut
1371 4334 1419 4404 ita

252 4445 392 4542 loquar,
431 4447 550 4518 mobili
582 4447 834 4544 fluctuantique
865 4471 987 4520 arena.
1025 4449 1106 4535 Sed,
1143 4447 1247 4518 tertio
1283 4445 1419 4516 decimo

254 4565 335 4651 post
349 4557 525 4630 Christum
544 4583 633 4649 aevo,
657 4560 807 4654 plurima
822 4569 857 4632 et
875 4560 969 4632 omni
987 4559 1056 4632 fide
1072 4558 1280 4654 dignissima
1296 4579 1421 4627 menu-

254 4677 373 4740 menta
396 4669 604 4763 reperimus,
632 4673 768 4768 quibus,
801 4672 906 4744 veluti
932 4672 1101 4744 insolide
1124 4670 1296 4767 firmoque
1320 4691 1417 4756 sare,

170 4875 175 4882 ι
256 4802 344 4874 opus
364 4789 600 4853 exstruamus
