3686 5590
677 563 840 612 ursronmi
861 559 1072 610 unumunurm.
1420 533 1458 606 13

299 681 485 756 attulerant
513 685 796 779 prosperitatem,
828 681 1037 757 recedentes
1067 681 1206 756 minime
1238 679 1455 754 ademerunt.

298 797 478 890 Eugenius
509 799 569 884 IV,
605 797 723 885 Sixtus
758 799 819 886 IV,
856 796 1081 868 Innocentius
1117 797 1215 884 VIII,
1254 795 1327 867 Leo
1357 794 1394 865 X
1424 801 1458 865 et

297 909 511 982 Benedictus
535 910 634 998 XIV,
667 911 815 1004 pristina
841 907 1045 980 Academiae
1070 908 1254 1001 privilegia
1271 906 1458 978 confirma·

298 1027 432 1108 verunt,
458 1021 528 1093 imo
546 1044 638 1093 nova
656 1028 923 1093 concesserunt.
944 1021 1127 1091 Praeterea
1145 1018 1269 1091 Galliae
1284 1041 1408 1112 regum
1424 1025 1459 1089 et

300 1117 486 1203 Sabaudiaa
523 1133 651 1206 ducum
690 1133 862 1205 beneficio
901 1131 1122 1225 amphticatae
1165 1138 1245 1202 sunt
1278 1130 1459 1202 doctorum

300 1243 618 1340 discipulorumque
636 1245 872 1317 immunitates
888 1255 911 1316 ¹.
1377 1244 1379 1250 ’

349 1355 570 1428 Privatorum
592 1357 696 1428 etiam
713 1356 951 1428 munificentia
976 1357 1085 1428 crevit
1108 1355 1330 1427 Universitas
1356 1377 1364 1426 ε
1386 1353 1453 1441 cui,

301 1490 391 1539 anno
413 1468 515 1555 1419,
546 1467 748 1557 Amaedeus,
777 1468 971 1540 Cardinalis
997 1468 1243 1555 Salussiarum,
1271 1466 1460 1538 baccalau-

300 1588 420 1650 reatus
444 1581 557 1672 gradu
579 1581 622 1652 ab
641 1603 684 1652 ea
702 1581 862 1668 donatus
892 1589 1103 1653 testamento
1127 1580 1258 1673 legavit
1282 1578 1459 1650 dimidiam

300 1691 523 1762 bibliothecae
562 1715 637 1763 suae
672 1701 809 1786 partem
842 1693 1020 1763 exhbris
1065 1691 1313 1784 manuscriptis
1354 1711 1460 1761 cons-

301 1810 434 1873 tantem
465 1813 487 1890 ²,
525 1803 617 1875 inter
648 1826 736 1899 quos
766 1804 831 1874 fuit
861 1805 1036 1899 quoddam
1064 1804 1156 1897 juris
1189 1803 1299 1874 civilis
1331 1823 1460 1894 corpus

302 1913 573 1985 remotissimam
593 1915 642 1986 ita
671 1915 835 1986 redolens
868 1915 1118 2010 antiquitatem,
1150 1923 1187 1985 ut
1213 1914 1352 2010 quidam
1378 1909 1462 1982 illud

302 2025 416 2118 ipsum
434 2025 594 2096 volumen
611 2048 717 2096 unum
733 2048 815 2096 esse
831 2049 875 2096 ex
896 2025 939 2096 iis
960 2026 1223 2112 arbitrarentur,
1248 2047 1326 2120 quae
1349 2023 1370 2095 J
1375 2022 1461 2094 usti-

303 2135 428 2207 nianus
452 2136 643 2229 imperator
667 2137 702 2207 in
721 2137 922 2230 provincias
947 2138 1090 2209 miserat
1114 2136 1140 2207 ³.
1163 2136 1221 2208 Sic
1235 2137 1293 2207 ille
1312 2135 1461 2228 optimas

305 2255 425 2339 grates
450 2248 679 2319 Universitati
697 2249 875 2342 persolvit,
904 2258 938 2320 et
966 2249 1068 2319 simul
1092 2270 1309 2341 magnopere
1333 2245 1463 2340 profuit

306 2358 497 2452 discipulis,
523 2383 611 2455 quos
631 2369 714 2446 tum,
733 2361 979 2455 typographiae
997 2369 1071 2431 arte
1090 2361 1244 2431 nondum
1257 2360 1408 2445 inventa,
1429 2363 1465 2428 et

305 2471 464 2562 paucitas
489 2480 524 2542 et
548 2471 676 2542 caritas
700 2471 868 2542 librorum
892 2473 928 2542 in
957 2472 1079 2543 studiis
1105 2471 1342 2564 impediebant
1362 2468 1388 2540 ⁴.
1411 2469 1465 2540 Ex

304 2581 512 2654 hberalitate
545 2583 750 2676 amplissimi
780 2583 844 2652 viri
873 2581 1007 2653 initium
1036 2582 1121 2652 mihi
1153 2582 1289 2653 uidetur
1323 2581 1462 2674 cepisse

306 2693 553 2765 Universitatis
568 2693 791 2779 bibliotheca,
815 2693 871 2763 cui
884 2693 984 2764 locus
1004 2694 1097 2786 apud
1116 2693 1302 2786 collegium
1326 2692 1464 2764 Sancti-

306 2803 478 2876 Martialis
510 2805 705 2876 destinatus
743 2813 797 2874 est
834 2826 924 2874 anno
963 2805 1053 2875 1427
1085 2803 1111 2875 ⁵.
1145 2805 1244 2876 Bene
1284 2805 1390 2875 etiam
1420 2803 1464 2874 de

94 2935 96 2942 ’
193 2945 195 2950 ·
307 2914 544 2986 Universitate
559 2938 720 2986 meruere
746 2915 907 2986 Julianus
932 2917 975 2987 de
998 2917 1152 3004 Ruvere,
1181 2917 1238 3012 qui
1254 2916 1465 2987 labefactam

308 3025 507 3097 scholarum
535 3026 753 3119 disciplinam
778 3026 939 3114 restituit,
972 3025 1158 3099 cardinalis
1180 3027 1223 3098 de
1247 3027 1459 3113 ArminiacO,

309 3138 366 3232 qui
390 3137 593 3208 indefessus
627 3137 857 3208 litteratorum
882 3147 1051 3231 patronus
1085 3139 1231 3228 exstitit;
1261 3139 1465 3210 Dominicus

307 3251 351 3321 de
368 3249 528 3337 Marinis,
553 3248 842 3342 archiepiscopus
862 3248 1133 3336 Avenionensis,
1161 3251 1219 3346 qui
1236 3251 1323 3322 duas
1342 3250 1465 3322 cathe-

308 3361 390 3432 dras
431 3361 576 3431 alteram
616 3359 835 3453 Theologiae,
878 3360 1024 3432 alteram
1059 3361 1293 3456 philosophiae
1337 3362 1459 3449 erexit,

308 3471 536 3567 docentisque
569 3471 605 3540 in
642 3480 789 3566 utraque
823 3473 1023 3544 mercedem
1055 3473 1207 3566 propriis
1242 3475 1392 3546 nummis
1429 3475 1465 3547 in

307 3589 514 3677 perpetuum
532 3582 710 3653 constituit
730 3579 755 3652 ⁶.
782 3580 830 3653 At
850 3583 964 3676 magis
989 3584 1177 3672 voluntate,
1208 3608 1312 3680 quam
1336 3586 1464 3658 effectu

308 3695 582 3766 Universitatem
620 3694 752 3788 adjuvit
785 3694 909 3765 doctor
939 3696 1079 3790 quidam
1115 3696 1255 3767 nomine
1286 3697 1461 3780 Ferarum,

309 3807 410 3902 cujus
428 3805 604 3894 haeredes,
628 3829 732 3902 quum
750 3805 827 3899 ipse
846 3806 939 3878 mille
957 3815 992 3878 et
1011 3807 1220 3902 quingentos
1245 3817 1365 3880 scutos
1382 3810 1465 3881 reli-

345 4118 369 4171 1.
384 4115 548 4186 aioncourt,
561 4121 634 4172 Noa.
658 4120 732 4189 disq.
754 4123 819 4190 lep„
840 4134 864 4174 o.
886 4118 977 4182 Xlllll,
993 4137 1020 4192 p.
1039 4121 1088 4174 ⁴20
1107 4128 1135 4176 et
1151 4120 1210 4174 103.
1223 4149 1255 4160 -
1269 4125 1359 4177 Bulla
1374 4126 1465 4178 Benc-

310 4201 380 4257 dicti
390 4205 433 4255 XI
438 4205 467 4256 V.
481 4233 516 4244 -
534 4201 616 4258 Caua.
633 4201 725 4270 Vnum,
740 4212 761 4259 1.
778 4204 822 4274 IV,
840 4203 860 4258 1ο
871 4206 934 4259 300.

344 4288 370 4339 2.
386 4285 552 4357 Cauaseum,
567 4289 645 4348 ibid„
662 4305 689 4360 p.
703 4291 764 4344 120.

342 4373 370 4425 3.
386 4371 471 4426 Caua.
486 4372 577 4440 Vana,
595 4374 662 4428 ibid.

346 4457 371 4510 t.
388 4456 555 4523 muroena,
571 4460 638 4513 ibid.

345 4545 372 4596 5.
393 4542 477 4602 laad..
494 4559 522 4614 p.
541 4543 632 4599 10001
648 4546 709 4600 tat.

347 4630 373 4680 6.
389 4625 647 4695 11Αιι111.,ἰὸι“ἀ.-
662 4628 749 4685 lustin
763 4628 876 4701 Bouurn,
890 4633 967 4687 Hist.
982 4632 1031 4687 des
1044 4647 1127 4701 puer.
1144 4631 1183 4686 du
1202 4635 1292 4686 Coma.
1310 4633 1391 4700 vem,
1404 4637 1424 4686 t.
1440 4632 1464 4693 1,

311 4727 339 4786 p.
355 4711 417 4765 268.
432 4742 464 4753 —
475 4711 646 4784 Cantabrica,
663 4717 826 4797 Speculum.
848 4719 906 4794 Vir,
920 4719 1040 4778 illustr„
1056 4725 1123 4788 etc,
1138 4733 1166 4790 p.
1182 4717 1227 4778 20.
1239 4745 1275 4758 -
1287 4713 1375 4790 Banu,
1388 4719 1465 4780 Dici,
