3676 5592
996 349 1007 378 ,

361 459 400 528 24
704 477 941 524 nuivnasrraris
962 472 1183 521 avenioni-:usis

361 600 545 673 doctorum
554 597 590 670 in
601 619 746 670 numero
762 597 826 669 fuit
840 593 1152 682 Avanionensinm,
1170 593 1223 666 vir
1233 593 1392 667 Bartholi
1406 593 1528 668 ohser-

361 712 598 798 vantissimus,
626 711 683 806 qui
701 709 873 803 privatam
888 696 1121 780 Academiam
1145 736 1162 772 u
1176 706 1490 778 Bartholiatoroni
1505 739 1521 774 »

357 823 563 917 inscriptam
590 822 737 893 instituit
762 832 786 894 ¹.
821 821 909 915 Ejus
943 820 1000 890 vel
1027 827 1138 914 pater,
1171 819 1228 890 vel
1256 819 1366 891 frater
1397 820 1525 893 Petrus

360 936 538 1031 Payanus,
568 933 753 1028 professor
778 932 939 1028 publicus
967 940 1002 1003 et
1032 931 1270 1018 Primicerius,
1300 931 1443 1025 triginta
1468 940 1526 1004 aut

358 1046 478 1141 plures
498 1045 603 1118 etiam
619 1067 730 1117 annos
747 1043 985 1115 institutiones
1000 1042 1214 1137 imperiales,
1238 1042 1397 1114 codicem
1413 1043 1434 1115 J
1437 1043 1525 1116 nsti—
1639 1051 1642 1058 '

358 1143 533 1246 nianeum,
553 1156 751 1229 decretales
765 1155 931 1249 Gregorii
946 1156 1010 1243 IX,
1031 1144 1188 1250 aliosque
1200 1162 1370 1226 tractatus
1385 1155 1524 1248 publica

355 1271 473 1342 docuit
491 1281 516 1341 ¹.
549 1268 797 1342 Laudatissimi
825 1291 964 1364 quoqne
989 1268 1089 1339 fuere
1113 1267 1233 1360 legum
1259 1267 1421 1360 magistri
1452 1267 1521 1340 duo
1631 1305 1633 1312 v

356 1381 518 1469 Turduli,
548 1379 768 1475 «exquibus
791 1380 919 1474 Petrus
945 1401 989 1450 ex
1006 1378 1200 1450 Academia
1217 1377 1459 1450 Avenionensi
1479 1380 1524 1451 ad

356 1493 505 1587 primam
514 1492 607 1586 juris
626 1491 830 1563 cathedram
845 1491 880 1560 in
902 1490 1130 1562 universitate
1147 1488 1400 1583 Andagavensi
1419 1513 1523 1562 voca-

328 1587 332 1594 ’
356 1615 412 1676 tus
439 1603 650 1698 singularam
677 1603 714 1673 in
737 1601 964 1682 enucleandis
989 1601 1242 1672 difficilioribus
1269 1602 1522 1697 quaestionibus
1606 1619 1610 1628 ·

354 1716 495 1788 laudem
508 1715 645 1803 meruit,
666 1715 767 1809 cujus
782 1713 874 1784 fihus
891 1714 1047 1786 Thomas
1061 1713 1123 1807 jus
1139 1713 1347 1784 canonicum
1362 1736 1404 1784 ac
1421 1714 1522 1787 civile

354 1827 537 1899 Avenione
554 1826 711 1920 pluribus
726 1825 827 1897 annis
846 1825 993 1919 egregie
1010 1825 1261 1918 interpretatus
1281 1833 1336 1896 est
1352 1853 1368 1889 »
1391 1823 1417 1895 ³.
1443 1874 1446 1882 .

385 1938 475 2010 'Sub
493 1938 599 2010 finem
619 1937 780 2032 ejusdem
801 1937 924 2008 saeculi
942 1937 1056 2007 minus
1079 1937 1115 2006 in
1142 1935 1380 2007 Universitate
1401 1944 1523 2008 nostra

353 2049 517 2122 floruisse
538 2044 675 2121 videtur
687 2042 749 2143 jus
766 2071 961 2137 romanum,
986 2070 1138 2144 namque
1159 2047 1397 2119 institutiones
1413 2048 1435 2118 J
1439 2049 1522 2119 usti-

353 2162 458 2251 niani,
479 2185 559 2258 quae
576 2184 642 2254 per
658 2161 845 2231 triennium
870 2169 975 2232 antea
996 2159 1224 2244 docebantur,
1250 2159 1429 2232 biennium
1446 2168 1522 2230 tan-

353 2282 426 2344 tum
442 2273 605 2366 amplecti
623 2272 666 2344 ab
684 2294 774 2344 anno
790 2271 882 2342 1662
897 2279 1081 2364 coeperunt
1091 2269 1117 2341 ⁴.
1134 2270 1369 2342 Nihilominus
1385 2271 1521 2364 Legum

355 2383 521 2455 Facultas
542 2382 747 2455 celebritate
770 2382 921 2478 quadam
939 2382 1096 2476 gaudere
1120 2404 1190 2452 non
1213 2382 1316 2466 desiit
1330 2382 1375 2454 ad
1393 2405 1521 2453 annum
1604 2441 1608 2446 .

357 2495 460 2582 1671,
493 2504 598 2590 atque
623 2494 714 2565 ultra
735 2494 852 2582 etiam,
885 2517 991 2590 quum
1010 2493 1232 2565 Universitas
1259 2492 1544 2574 Avenionensis

355 2605 652 2678 Universitatihus
670 2605 846 2677 Valentiae
859 2614 893 2677 et
907 2606 1051 2678 Tolosae
1067 2605 1411 2698 aBurgundionibus
1424 2615 1520 2678 ante-

353 2726 555 2811 poneretur,
581 2727 618 2789 ut
643 2740 722 2813 quae
742 2717 929 2811 peritiores
958 2717 1109 2790 docendi
1133 2715 1350 2810 magistros⁵
1372 2717 1520 2790 haberet

403 2941 608 3036 Insequenti
628 2949 736 3034 aetate,
743 2941 805 3034 jus
822 2941 987 3034 gallicum
1003 2942 1178 3034 publicam
1199 2941 1382 3014 Avenione
1401 2941 1520 3013 cathe-

354 3051 453 3122 dram
468 3051 624 3137 obtinuit,
645 3075 724 3148 quae
740 3074 831 3148 anno
854 3052 948 3124 1700
966 3053 1106 3124 condita
1124 3062 1179 3124 est
1194 3052 1219 3123 ⁶.
1238 3053 1308 3124 Sub
1324 3053 1418 3124 idem
1431 3060 1518 3124 tem-

352 3185 419 3256 pus
436 3162 553 3234 floruit
571 3163 703 3235 Paulus
721 3162 977 3251 Gadecombus,
1005 3164 1063 3260 qui
1085 3188 1216 3236 novato
1236 3163 1519 3258 disquisitionem

354 3273 516 3369 legalem,
545 3296 636 3346 anno
665 3275 769 3363 1702,
797 3276 891 3371 typis
918 3275 1105 3364 mandavit,
1139 3275 1182 3348 de
1214 3299 1282 3373 quo
1307 3275 1454 3372 aequalis
1484 3284 1519 3348 et

386 3609 411 3660 1.
428 3605 511 3662 Caua.
526 3623 559 3662 nn
575 3607 700 3664 νειμ-
713 3609 881 3673 Glaucone..
898 3614 970 3666 ibid,

384 3707 410 3758 2.
430 3704 521 3776 Brun,
537 3709 605 3763 ibid.
620 3738 655 3749 -
668 3707 835 3778 Cannicum,
850 3711 929 3771 ibid,
946 3728 974 3782 p.
993 3712 1052 3766 ⁴29.

384 3805 409 3857 3.
427 3802 536 3875 Specnl.
556 3805 596 3860 ill.
615 3806 670 3876 jur.
687 3807 798 3879 interp,
816 3825 844 3880 p.
865 3811 910 3863 20.
925 3838 959 3850 -
979 3808 1117 3866 lientione
1137 3811 1217 3867 etiarn
1241 3812 1317 3885 digni
1342 3821 1406 3869 sunt
1427 3815 1518 3870 Anto-

346 3887 409 3943 nius
425 3887 545 3945 Genetos
566 3899 594 3946 et
613 3891 686 3947 tilius
702 3893 762 3961 ejus
777 3893 949 3957 Franciscus.
975 3894 1022 3966 qui
1045 3895 1139 3966 proavi
1162 3895 1262 3968 AEgidii
1282 3897 1515 3970 jurisperitissimi

346 3972 460 4046 vestigia
485 3975 571 4030 secuti
598 3984 672 4040 sunt,
704 3977 1029 4048 hieronymus-Martinus
1057 3979 1091 4034 de
1116 3979 1324 4048 Sancto-Reme,
1355 3983 1516 4040 Franciscus

346 4059 466 4112 Partitis
480 4066 562 4130 atque
578 4059 699 4134 Angelus
716 4064 836 4130 Gottier,
857 4062 1014 4134 probabiles
1037 4064 1102 4120 satis
1126 4065 1216 4138 legum
1240 4066 1378 4138 doctores
1394 4066 1514 4130 Quorum

345 4141 454 4196 landem
468 4159 534 4198 sane
554 4145 692 4216 oppressit
715 4145 874 4202 Franciscus
898 4149 1062 4209 Baldercbi,
1079 4149 1239 4216 Perusinus,
1252 4151 1513 4220 iurisconsultorum

343 4225 426 4295 hujus
442 4227 529 4283 aetatis
549 4229 744 4302 peritissimus,
761 4230 809 4302 qui
833 4231 961 4302 publicus
983 4232 1124 4304 professor
1138 4232 1189 4289 fuit
1203 4251 1219 4290 a
1233 4235 1341 4292 civitate
1358 4239 1512 4294 conductus

343 4325 417 4366 anno
430 4315 499 4366 1668
515 4312 617 4380 (Bran,
630 4317 706 4368 Dict.
720 4345 756 4356 —
769 4315 907 4382 Tiresian,
923 4318 1002 4378 ibid,
1020 4325 1039 4372 t.
1056 4317 1088 4388 ll,
1103 4317 1125 4372 t'0
1138 4321 1199 4375 ati.

379 4412 407 4464 1.
423 4413 508 4464 Mem.
522 4428 576 4465 sur
589 4413 693 4466 l'Unio.
710 4414 833 4484 d'Aoi9.,
849 4413 872 4467 1ο
886 4415 947 4469 116.

379 4513 405 4562 5.
423 4512 518 4569 Μόνη..
535 4518 600 4571 etc„
618 4513 686 4566 ibid.
700 4542 736 4552 -
750 4517 787 4566 P.
803 4517 889 4568 relat.
903 4520 923 4569 ὰ
937 4517 1039 4571 l'Uoio.
1055 4519 1177 4588 d'rtoip„
1195 4526 1213 4574 t.
1228 4517 1260 4587 ll,
1279 4519 1301 4574 1ο
1315 4523 1360 4578 96.

379 4608 405 4663 6.
424 4609 509 4662 Μόνη.
527 4626 581 4662 aar
596 4610 698 4666 l'Unio.
716 4611 838 4682 d'Aoi9.‚
857 4610 939 4666 10211
960 4621 999 4670 v0.
