3676 5592
404 515 442 579 34
749 523 985 580 uutvsasr'rsrrs
1007 521 1227 584 svrrrormfsrs

403 653 558 746 origines
606 673 671 745 per
714 659 911 746 temporum
955 653 1204 725 obscuritatem
1257 652 1469 746 dignoscere
1515 651 1569 724 esi

403 774 564 836 conatus.
586 762 692 857 Saepe
715 786 736 835 a
760 765 878 866 causis
905 765 1063 837 dicendis
1091 787 1172 836 sese
1198 765 1345 836 distrahi
1371 765 1569 859 patiebatur

401 875 616 948 Benedictus
648 875 878 964 BertranduS,
918 885 955 946 ut
990 877 1161 968 scriberet
1198 875 1382 947 historiam
1418 867 1589 947 civilium*

401 988 584 1072 bellorum,
613 987 968 1081 quibusVenaiscina
991 996 1064 1060 tota
1087 988 1188 1080 regio
1214 996 1314 1059 sexto
1339 988 1475 1059 decimo
1502 1010 1569 1058 sae-

403 1098 482 1168 culo
513 1097 654 1168 turbata
674 1106 741 1168 est.
767 1097 937 1169 Strenuus
961 1099 1038 1193 ipse
1064 1099 1175 1187 mileS,
1205 1099 1404 1170 Ludovicus
1425 1097 1468 1169 dc
1494 1097 1568 1169 Pc-

403 1208 531 1292 rosst's,
553 1231 675 1280 ensem
698 1208 788 1304 stylo
812 1210 977 1297 mutabat,
1006 1210 1144 1284 candidi
1166 1210 1218 1280 vir
1238 1210 1381 1303 ingenii,
1407 1219 1570 1281 constan-

402 1321 517 1416 tisque
536 1319 629 1407 fidei,
655 1320 713 1416 qui
726 1321 851 1392 eadem
870 1321 1090 1415 simplicitate
1106 1330 1210 1417 atque
1225 1322 1362 1408 virtute,
1390 1344 1459 1417 qua
1477 1344 1568 1415 pug-

403 1440 549 1503 naverat
580 1455 644 1524 pro
675 1454 740 1502 sua
771 1432 958 1525 religione,
992 1433 1132 1504 furores
1158 1433 1362 1528 rabiemque
1398 1433 1569 1526 Hugono-

403 1544 552 1614 ticornm
580 1551 615 1612 et
644 1542 903 1614 Catholicorum
935 1543 1086 1615 fideliter
1112 1552 1147 1614 et
1173 1543 1286 1615 vivide
1310 1543 1518 1639 perscripsit
1541 1554 1564 1614 ¹.

404 1655 475 1726 Sed
491 1653 720 1725 Sebastianus
737 1654 913 1747 Seguinus
924 1655 1200 1748 jurisconsultus
1221 1656 1269 1727 ita
1292 1655 1356 1726 fuit
1378 1655 1476 1727 latini
1496 1676 1569 1726 ser-

404 1766 516 1836 monis
535 1765 669 1858 peritus
685 1773 732 1852 ut,
757 1765 814 1859 qni
831 1765 874 1836 ab
896 1766 1090 1861 aequalibus
1115 1767 1187 1837 suis
1213 1766 1433 1837 conferretur
1460 1766 1569 1838 Sado-

402 1877 472 1946 leto
504 1899 545 1947 ac
577 1877 717 1946 Mureto
743 1875 923 1946 latinitatis
954 1876 1021 1948 illis
1052 1878 1240 1969 magistris
1271 1877 1398 1970 dignus
1420 1877 1565 1949 fuerit¹.

360 2051 363 2056 .
403 1988 615 2060 Franciseus
642 1987 849 2080 Gaspardus
880 1987 1086 2058 Gaillcrmt's
1113 1989 1156 2059 de
1187 1988 1387 2084 Gipopaoe,
1415 1989 1496 2060 dum
1524 1988 1566 2060 ab

404 2099 522 2170 officio
550 2098 711 2170 advocati
740 2099 899 2184 vacabat,
919 2099 1044 2170 librum
1072 2101 1223 2193 scripsit,
1256 2101 1312 2170 cui
1337 2101 1456 2170 titulus
1479 2109 1563 2171 est:

407 2210 576 2281 Historia
611 2208 869 2280 Aoeaioaeast's
914 2219 950 2280 ct
979 2210 1163 2282 laetabilia
1205 2210 1372 2284 civitatis.
1415 2211 1567 2283 Litteras

404 2323 493 2393 adeo
522 2321 689 2413 diligebat
714 2322 842 2392 Petrus
869 2321 992 2409 David,
1017 2321 1244 2416 jurisperitus
1267 2330 1301 2393 et
1319 2322 1430 2393 musis
1457 2323 1568 2394 caris-

403 2434 512 2504 simus
543 2433 714 2519 alumnus,
752 2441 790 2502 ut
821 2433 1055 2520 Peireshium,
1094 2434 1151 2530 qui
1176 2434 1238 2528 jus
1268 2434 1312 2506 ob
1345 2457 1407 2505 eas
1438 2435 1568 2529 saepius

402 2544 594 2632 omittebat,
618 2544 660 2618 ab
686 2565 807 2614 earum
825 2543 960 2615 deliciis
980 2545 1161 2617 deterrere
1180 2545 1330 2617 noluerit
1346 2543 1372 2617 ³.

453 2656 585 2727 Multos
615 2655 886 2748 praetermittere
918 2655 1087 2749 cogimur,
1122 2680 1210 2752 quos
1237 2666 1296 2730 aut
1322 2665 1480 2728 vetustas
1509 2680 1570 2751 op·

405 2767 554 2862 pressit,
599 2775 659 2838 aut
702 2766 817 2861 major
858 2789 1025 2838 numerus
1073 2768 1242 2856 excludit;
1287 2767 1568 2841 Mascaronem⁴

407 2890 526 2952 tamen
567 2877 752 2973 praeterire
788 2881 858 2950 non
903 2901 1105 2972 possumus,
1151 2909 1167 2946 «
1190 2882 1294 2976 cajus
1329 2903 1441 2979 opero
1476 2880 1569 2976 stylo

409 2991 550 3064 berotco
577 2989 727 3086 scripto,
753 2989 978 3064 cardinalem
994 2989 1196 3065 Rtotettom
1218 2993 1457 3066 Maecenatem
1483 2992 1571 3066 obli

445 3358 469 3411 l.
488 3350 577 3422 Brut,
592 3357 668 3413 atet.

443 3455 470 3511 2.
488 3453 607 3511 Medicus
628 3451 764 3512 Antonius
786 3454 893 3511 Fianoe
913 3451 1065 3514 doctissimi
1081 3454 1108 3512 in
1131 3470 1220 3532 graeoo
1238 3465 1265 3514 et
1280 3453 1365 3514 latino
1380 3470 1507 3515 sermone
1521 3451 1571 3515 virl

408 3537 505 3596 lamam
520 3539 652 3597 obtinuit.
668 3540 767 3614 (Bran,
781 3542 863 3609 ibid.)

443 3640 469 3692 3.
494 3637 583 3705 Brun,
606 3641 680 3694 Dtet.
703 3669 736 3680 —-
762 3638 862 3694 Eadem
884 3647 974 3702 aetat'e,
994 3639 1108 3697 Vulteus
1134 3653 1215 3714 poeta
1237 3642 1416 3712 avenionem,
1439 3641 1523 3698 veluti
1544 3642 1571 3697 in

410 3729 497 3777 tutum
513 3731 607 3779 contra
618 3723 726 3793 judices
740 3723 890 3780 Tolosanos
905 3725 1011 3796 asylum
1029 3724 1161 3798 confugit.
1177 3728 1299 3783 Andreas
1314 3743 1425 3799 quoque
1442 3727 1572 3795 alciatus,

410 3807 528 3878 quitum
544 3808 683 3864 Avenione
699 3809 775 3884 leges
784 3808 887 3873 docuit,
900 3810 1013 3865 multam
1029 3811 1128 3866 litteris
1144 3827 1254 3884 operam
1271 3811 1395 3866 navabat.
1414 3810 1573 3883 Insequenti

409 3903 488 3947 aetate
507 3893 722 3959 mathematicas,
740 3909 802 3965 quae
821 3902 888 3950 tuuc
907 3895 980 3950 inter
1004 3903 1077 3952 artes
1097 3897 1321 3962 numerabantur,
1336 3895 1489 3966 jurisperiti
1509 3896 1574 3968 qui-

409 3977 471 4030 dam
484 3977 621 4042 colebant,
635 3994 752 4049 quorum
772 3978 903 4050 praecipui
924 3989 988 4035 sunt
1006 3980 1276 4037 Petrus-Franciscus
1291 3981 1431 4037 Tondutus
1447 3989 1473 4036 et
1489 3984 1572 4036 Anto-

411 4061 650 4116 nius-Franciscus
678 4062 811 4132 Payanus.
840 4061 884 4118 Sic
910 4073 1005 4121 octavo
1033 4065 1140 4121 decimo
1163 4067 1265 4122 saeculo
1289 4065 1406 4121 Thomas
1431 4069 1570 4138 Teysst'er.
1598 4119 1600 4122 .

410 4146 501 4218 legum
519 4145 615 4202 doctor
638 4154 809 4219 aggregatus,
836 4147 893 4219 qui,
918 4164 991 4204 anno
1015 4152 1093 4218 1738,
1118 4149 1334 4206 Primiceriatum
1353 4153 1420 4223 egit,
1441 4151 1573 4221 Paparum

411 4229 643 4285 avenionensium
668 4239 749 4302 atque
771 4231 888 4289 civitatis
910 4233 1036 4289 historias
1061 4234 1187 4306 scripsit;
1211 4235 1284 4290 Simo
1306 4237 1445 4288 Reboulet
1473 4234 1574 4289 litteras

413 4329 523 4386 quoque
537 4323 564 4370 et
576 4314 718 4370 historiam
738 4318 890 4388 praesertim
907 4318 1035 4384 tentavit;
1055 4319 1375 4375 ludovicus-Bernartius
1393 4323 1490 4391 Roper
1509 4319 1574 4390 plu-

411 4399 480 4455 rima
494 4399 642 4456 vernaculo
655 4399 703 4457 illo
717 4408 745 4456 et
764 4400 867 4457 rustico
884 4402 1037 4459 venaiscini
1053 4403 1203 4460 Comitatus
1218 4419 1346 4460 sermone
1363 4404 1486 4459 carmina
1506 4419 1574 4460 oon-

411 4484 489 4539 didit.
505 4485 625 4554 (Pusam,
641 4487 719 4545 ibid„
738 4501 764 4558 p.
779 4488 822 4540 ta.
843 4515 874 4527 -
891 4491 971 4558 Bioq.
992 4492 1122 4543 unta-
1141 4489 1304 4559 Caecubus,
1320 4493 1393 4546 Noe.
1413 4490 1488 4560 disq.
1506 4492 1571 4559 lep,

411 4586 436 4628 c.
454 4571 508 4639 23).

446 4672 473 4728 4.
490 4668 676 4728 mascaronem
691 4667 735 4725 elii
752 4668 921 4737 Petronium,
937 4669 982 4727 alii
999 4671 1271 4733 Petrum-Antonium
1289 4672 1440 4734 nominant.
