3676 5592
655 562 819 609 ursroama
841 561 1053 610 annuendum.
1402 545 1440 613 :la

274 677 365 752 diem
380 681 519 754 tertium
537 680 709 754 decimum
720 681 803 755 Kal.
820 681 855 756 N
858 706 927 772 ou,
945 692 1075 777 apatre
1085 681 1230 777 jesuita,
1250 681 1436 758 rhetoricae

274 793 488 887 professore,
510 795 630 868 habita
649 804 703 867 est
716 794 987 890 Archiepiscopi
999 795 1271 884 Avenionensis‚
1290 796 1438 870 Univer-

273 905 384 1000 sitatis
413 905 631 997 Cancellarii,
665 907 824 979 funebris
864 907 1054 979 laudatio:
1089 908 1315 979 humaniores
1345 910 1437 981 enim

271 1016 398 1089 litterae
425 1019 470 1091 ad
490 1019 678 1113 collegium
705 1019 885 1091 societatis
908 1019 998 1090 Jesu
1023 1042 1062 1091 se
1090 1028 1301 1113 receperant
1316 1030 1340 1092 ¹.
1368 1021 1438 1092 Sed

272 1127 471 1224 insequenti
498 1131 642 1218 saeculo,
674 1130 769 1202 illinc
797 1130 902 1202 ctiam
928 1131 1150 1224 aufugerunt,
1183 1154 1288 1226 quum
1312 1131 1439 1203 Patres

272 1239 340 1332 ipsi
358 1241 464 1334 jussu
478 1243 575 1335 regis
604 1241 741 1330 Galliae,
772 1241 831 1337 qui
853 1240 1036 1313 Avenione
1062 1265 1155 1313 anno
1187 1242 1279 1313 1768
1303 1243 1437 1335 potitus

274 1357 359 1438 erat,
379 1351 517 1445 expulsi
536 1361 628 1424 sunt.
650 1353 805 1435 Quorum
821 1352 917 1423 vices
932 1352 981 1424 ita
1000 1352 1187 1423 infeliciter
1205 1353 1437 1446 impleverunt

273 1460 399 1534 Patres
425 1463 663 1547 Benedictini,
682 1474 719 1534 ut
735 1465 787 1536 eis
804 1464 926 1535 civitas
943 1487 1069 1536 munus
1095 1465 1276 1550 ademerit,
1298 1488 1441 1536 succes-

273 1595 443 1670 soresque
454 1575 602 1668 elegerit
615 1576 740 1647 Patres
752 1575 1019 1659 Doctriourios,
1032 1575 1089 1670 qui
1097 1584 1215 1646 tamen
1224 1575 1437 1669 jesuitarum

272 1683 412 1756 laudern
427 1709 604 1782 nunquam
623 1696 852 1783 aequaverunt
869 1697 893 1757 ².

322 1797 610 1869 IntereaArtium
620 1798 857 1870 Facultatisin
867 1797 1106 1869 Universitate
1118 1820 1228 1891 prope
1239 1798 1334 1869 nulla
1345 1821 1441 1869 men-

270 1908 318 1980 tio
336 1908 384 1996 fit,
404 1933 482 2004 quae
501 1918 618 1981 tamen
632 1911 770 1981 videtur
782 1932 873 1981 anno
889 1909 981 1981 1779
995 1908 1174 2002 paululum
1182 1909 1433 1996 resurrexisse,

274 2043 340 2115 quo
381 2013 632 2115 septemdecim
671 2022 852 2093 studentes
892 2021 928 2090 in
965 2043 1148 2091 numerum
1189 2021 1439 2114 magistrorum
1548 2068 1550 2073 -

224 2199 228 2208 .
273 2133 308 2202 in
331 2133 463 2204 artibus
485 2133 652 2226 adscripti
675 2142 755 2204 sunt
769 2131 795 2203 ³.
816 2131 919 2203 Unde
942 2131 1083 2202 nimiam
1108 2132 1187 2225 ejus
1211 2132 1246 2202 in
1269 2131 1437 2224 gradihus

274 2243 497 2314 conferendis
513 2244 808 2338 deprehendimus
825 2238 1042 2313 facilitatem.
1060 2243 1156 2334 Ergo
1173 2242 1437 2336 antiquagloria

273 2363 345 2424 turn
363 2355 529 2427 destituta
540 2355 676 2427 Artium
685 2355 863 2440 Facultas‚
874 2353 1092 2446 indulgentia
1106 2353 1222 2446 potius
1242 2376 1317 2439 sua,
1335 2376 1438 2448 quam

275 2465 477 2537 celebritate
492 2466 683 2559 discipulos
706 2465 906 2536 alliciebat:
931 2464 996 2534 sed
1015 2486 1213 2558 quanquam
1226 2463 1440 2535 dedecorata

273 2599 384 2670 prope
394 2577 472 2670 jam
490 2578 654 2670 perierat,
679 2600 749 2648 non
772 2585 890 2648 tamen
912 2575 1041 2647 docere
1065 2574 1218 2646 cessavit
1235 2575 1439 2671 priusquam

274 2688 494 2759 Universitas
510 2689 588 2782 ipsa
603 2689 878 2760 rescinderetur.

323 2799 381 2870 Sic
395 2798 532 2870 Artium
547 2800 724 2886 Facultas,
746 2799 841 2870 inani
857 2798 915 2869 diu
933 2797 1031 2869 titulo
1051 2798 1229 2882 decorata,
1253 2797 1317 2868 sub
1332 2797 1436 2868 finem

275 2912 365 2983 sexti
393 2912 519 2983 decimi
544 2912 667 2984 saeculi
697 2912 882 3005 splendere
908 2911 1026 3010 coepit,
1049 2911 1253 3005 juvantibus
1274 2911 1434 3004 jesuitis;

272 3023 398 3094 deinde
431 3024 631 3119 insequenti
665 3047 741 3095 aevo
774 3023 880 3094 claris
906 3023 1038 3117 aliquot
1066 3024 1150 3093 viris
1187 3023 1338 3115 gloriata
1368 3033 1433 3108 est,

175 3162 177 3168 ·
273 3134 422 3230 denique
446 3136 729 3207 octavodecimo
758 3135 890 3206 saeculo
918 3134 1096 3228 paululum
1123 3134 1295 3221 inclaruit,
1327 3135 1438 3228 juris-

273 3247 512 3318 consultorum
555 3248 680 3340 gratia,
724 3247 782 3346 qui
815 3247 940 3320 litteris
988 3246 1104 3342 potius
1147 3269 1259 3344 ‘quam
1298 3246 1436 3340 legibus

271 3357 512 3456 indidgebant.

311 4289 334 4340 l.
350 4288 436 4342 Mem.
451 4305 504 4342 sur
517 4289 620 4343 l'Uniu.
635 4291 757 4359 d’Anip.,
773 4290 793 4343 f⁰
806 4293 868 4346 209.

309 4373 335 4424 2.
351 4371 416 4426 Paul
432 4373 551 4437 donaro,
567 4379 643 4427 Ano.
657 4376 691 4429 de
710 4379 809 4429 Vaucl.
829 4380 906 4436 1854,
922 4393 949 4446 p.
963 4379 1024 4431 250.

308 4457 334 4508 3.
349 4460 384 4510 P.
401 4461 452 4512 rel.
466 4462 486 4510 ὰ
502 4459 604 4512 l'llnr'u.
620 4460 891 4528 d’Auipn.;Docum.
907 4463 963 4516 din.
982 4468 1010 4515 2⁰
1027 4470 1108 4532 part,
1127 4469 1144 4515 t.
1165 4461 1210 4516 lll.
1223 4493 1255 4503 -
1272 4461 1439 4517 Universitas

272 4539 472 4596 Avenionensis
485 4541 612 4596 ultimum
624 4540 679 4597 lore
694 4545 766 4598 inter
779 4544 974 4601 celeberrimos
985 4546 1111 4601 educavit
1120 4547 1261 4600 alumnum
1273 4546 1438 4601 cardinalem

176 4677 179 4686 Δ
273 4627 390 4696 Maurp,
415 4625 462 4696 qui
482 4623 578 4682 litteris
600 4637 628 4682 et
651 4627 805 4702 Theologiae
836 4631 1058 4702 quinquennium
1081 4634 1256 4699 (imo-1765)
1281 4631 1387 4686 studuit
1410 4631 1438 4688 in

272 4708 395 4781 collegiis
410 4710 496 4767 sancti
509 4710 597 4767 Caroli
614 4723 640 4768 et
654 4720 755 4770 sanctae
770 4713 874 4772 Gardae.
891 4714 992 4784 (Banu,
1007 4718 1095 4777 Dico,
1109 4723 1129 4770 t.
1144 4714 1177 4783 ΙΙ,
1195 4732 1212 4788 p
1241 4717 1313 4784 ⁴60.)
