3686 5590
622 581 624 586 ·
648 571 825 634 llrs'tonmn
847 573 1060 634 nbuubanr'io.
1404 555 1442 629 95

202 741 209 752 .
325 703 518 806 Postquam
544 708 700 780 schisma
724 708 820 780 cives
848 718 952 804 atque
986 708 1151 779 doctores
1173 705 1446 778 Avenionenses
1531 769 1534 777 .

277 822 424 894 consilio
446 833 481 893 et
500 821 607 894 armis
623 829 908 914 composuerunt,
930 819 952 890 J
955 842 1089 891 oannes
1106 820 1251 900 XXIII,¹
1269 817 1447 910 legitimus

188 971 191 978 ·
277 943 419 1007 creatus
435 933 601 1005 Pontifex
619 928 749 1029 (1410),
772 931 820 1002 ita
837 931 888 1002 eis
903 931 999 1018 favit,
1018 941 1140 1003 utnon
1159 931 1273 1002 solum
1292 929 1446 1001 Univer-

278 1045 390 1117 sitatis
410 1053 543 1116 nostrae
559 1044 698 1138 legatos
716 1043 761 1114 ad
776 1042 972 1130 Concilium
987 1043 1157 1114 Pisanum
1175 1041 1365 1126 vocaverit,
1383 1041 1448 1112 sed

278 1157 486 1250 Theologiae
529 1154 712 1226 Facultate
762 1176 841 1224 eam
886 1155 1033 1241 auxerit,
1072 1163 1106 1225 et
1145 1154 1241 1226 cives
1285 1151 1447 1223 maximis

276 1267 469 1362 privilegiis
489 1265 702 1337 ornaverit¹.
720 1265 797 1335 Tali
809 1266 1092 1337 remuneratione
1108 1288 1264 1336 summus
1281 1263 1448 1335 Pontifex

278 1403 378 1450 suam
395 1377 645 1449 Universitatis
670 1376 941 1448 aestimationem
968 1377 1095 1470 arguit.
1127 1379 1200 1448 lmo
1223 1399 1302 1448 eam
1320 1376 1448 1446 iterum

278 1492 323 1563 ad
337 1490 531 1563 Concilium
545 1489 815 1560 Constantiense
830 1489 988 1560 vocavit:
1010 1512 1078 1584 quo
1093 1488 1114 1558 J
1118 1511 1252 1560 oannes
1264 1488 1448 1580 Hugoneti

278 1603 321 1675 ab
354 1601 549 1673 Academia
578 1600 763 1692 delegatus
791 1608 846 1670 est
880 1624 959 1671 cum
988 1601 1125 1676 duobus
1155 1600 1231 1671 aliis
1257 1623 1278 1672 a
1307 1599 1447 1670 civitate

282 1713 412 1799 missis,
451 1712 588 1784 Jacobo
622 1710 779 1782 Crasseti
814 1721 848 1781 61
885 1710 1027 1782 Simone
1063 1711 1347 1795 Quatadriorum.
1390 1710 1449 1781 Sic

278 1823 501 1896 Universitas
525 1822 785 1894 Avenionensis
807 1823 954 1894 sedandi
974 1823 1174 1894 schismatis
1196 1847 1234 1894 se
1262 1823 1449 1916 cupidissi—

279 1959 371 2007 mam
387 1935 550 2022 ostendit,
571 1942 675 2028 atque
688 1934 873 2004 Benedicti
887 1934 1112 2027 pontificatus
1127 1934 1186 2004 fini
1205 1943 1239 2005 et
1253 1935 1396 2008 Martini
1415 1934 1449 2004 V
1487 1927 1489 1931 ’

281 2047 445 2120 electioni
466 2046 624 2140 profuit:
653 2045 711 2140 qui
733 2045 872 2142 quidem
891 2056 1013 2139 gratus
1037 2047 1216 2140 dignitatis
1240 2069 1331 2118 anno
1357 2045 1445 2116 1431

280 2183 407 2231 recens
424 2159 621 2251 absumptae
641 2147 719 2229 eam
743 2157 930 2229 certiorem
944 2157 1069 2228 litteris
1084 2159 1181 2230 feeit.
1203 2160 1243 2228 ln
1260 2181 1327 2254 quo
1344 2158 1450 2229 etiam

280 2271 588 2365 praedecessorem
602 2269 756 2339 imitatus
768 2277 823 2340 est
834 2269 1015 2361 Eugenius
1028 2271 1088 2356 IV,
1104 2269 1162 2365 qui
1173 2269 1307 2363 pariter
1320 2275 1449 2341 neurim

281 2384 314 2454 ei
331 2382 571 2478 pontificatum
583 2381 801 2452 ¹denuntiavit
813 2392 837 2451 ².
856 2381 1005 2452 Tantam
1025 2381 1116 2478 enim
1139 2382 1444 2470 existimationem,

279 2503 481 2590 tantamque
497 2493 741 2564 auctoritatem
756 2492 979 2564 Universitas
992 2502 1115 2564 nostra
1128 2504 1200 2564 tum
1214 2494 1342 2586 adepta
1358 2503 1445 2581 erat,

280 2615 317 2677 ut
348 2606 426 2698 ejus
458 2604 665 2696 suffragium
696 2612 731 2675 et
759 2605 909 2697 gratiam
937 2612 971 2674 et
993 2604 1175 2697 Eugenius
1195 2605 1245 2676 IV
1270 2615 1304 2675 et
1320 2606 1448 2676 Patres

281 2715 427 2790 Concilii
448 2715 657 2786 Basiliensis
683 2714 786 2786 simul
810 2715 1006 2786 ambierint.
1026 2715 1174 2786 Exstant
1191 2715 1305 2786 adhuc
1326 2715 1453 2786 summi

282 2827 464 2901 Pontificis
491 2827 632 2898 litterae.
659 2825 762 2898 Anno
792 2826 883 2897 1437
910 2827 1093 2920 Eugenius
1119 2828 1169 2898 IV
1192 2827 1396 2898 doctoribus
1417 2836 1453 2898 et

282 2939 462 3034 magistris
478 2938 728 3010 Universitatis
744 2937 1005 3010 Avenionensis
1024 2937 1178 3032 scripsit,
1198 2948 1235 3008 ut
1252 2938 1391 3032 legatos
1408 2939 1455 3012 ad

286 3042 479 3124 Concilium
514 3050 782 3122 Ferrariensem
820 3050 1010 3121 mitterent.
1041 3050 1195 3132 Quorum
1227 3059 1264 3122 ut
1301 3051 1453 3122 studium
1503 3071 1506 3078 ·

283 3162 506 3250 accenderet,
530 3161 760 3254 gravissimas
776 3185 835 3232 res
856 3183 877 3232 a
895 3160 1050 3233 Concilio
1078 3169 1264 3232 tractatum
1288 3161 1331 3231 iri
1349 3163 1452 3255 polli-

284 3275 448 3364 cebatur3
468 3273 596 3344 etenim
610 3274 786 3366 agendum
803 3281 878 3345 erat
896 3273 1045 3367 primum
1067 3273 1111 3344 de
1134 3273 1315 3370 utriusque
1332 3273 1452 3346 latinae

281 3407 484 3481 graecaeque
517 3385 683 3456 ecclesiae
718 3385 978 3480 conjunctione,
1015 3385 1141 3456 deinde
1173 3385 1216 3457 de
1242 3385 1452 3457 clericorum
1497 3381 1499 3385 ’

283 3497 539 3586 emendatione,
561 3497 664 3568 tertio
684 3498 835 3592 denique
852 3498 895 3568 de
916 3497 1118 3568 christianae
1145 3497 1349 3591 reipublicae
1366 3521 1453 3568 con·

285 3609 418 3682 cordia.
440 3609 531 3679 Dum
547 3608 713 3680 doctores
728 3609 998 3680 Avenionenses
1020 3631 1156 3679 summo
1175 3608 1339 3680 Pontifici
1357 3607 1455 3702 digni

285 3721 493 3792 videbantur
509 3720 566 3814 qui
585 3720 671 3790 tanti
689 3721 856 3792 momenti
877 3721 984 3792 rebus
1004 3721 1229 3806 interessent,
1251 3743 1271 3792 a
1288 3721 1454 3792 Patribus

286 3832 412 3930 synodi
426 3831 635 3903 Basiliensis
654 3831 759 3902 etiam
776 3832 1023 3919 invitabantur,
1052 3841 1090 3903 ut
1105 3831 1251 3903 Concilii
1272 3833 1453 3925 generalis

287 3944 530 4017 auctoritatem
549 3952 583 4013 61
593 3943 876 4036 jura-tuerentur
891 3944 1063 4016 adversus
1082 3943 1282 4036 Eugenium
1295 3945 1355 4031 IV,
1382 3945 1450 4039 qui,

287 4055 503 4128 eteoclesiae
549 4055 839 4126 reformationem
881 4064 915 4126 et
950 4056 1130 4149 propriam
1174 4055 1456 4128 emendationem

286 4168 417 4240 vitandi
447 4189 565 4254 causa,
604 4166 769 4238 Sanctam
798 4167 978 4262 Synodum
1008 4168 1159 4261 primum
1192 4167 1388 4238 dissolvere
1422 4175 1458 4240 et

286 4279 488 4352 Ferrariam
502 4279 628 4350 deinde
646 4279 840 4350 transferre
857 4289 1005 4352 conatus
1022 4287 1111 4350 erat.
1130 4280 1257 4351 Patres
1270 4279 1351 4351 huic
1366 4279 1456 4352 faci·
1487 4325 1489 4330 -

325 4574 348 4631 l.
369 4573 496 4646 Vetula..
520 4574 598 4638 tttd„
621 4571 849 4632 11111411.-
866 4578 1005 4635 Arrltiucs
1022 4573 1164 4650 (Μοῖρα,
1183 4577 1222 4634 lit.
1239 4573 1318 4636 Joan.
1331 4607 1362 4619 ·-
1382 4577 1458 4642 nult.

289 4661 374 4718 otuu.
391 4668 492 4722 Auen„
509 4680 535 4733 p.
554 4664 598 4717 60.

327 4748 352 4804 2.
371 4745 499 4818 lantoni,
517 4756 536 4804 ι.
554 4747 575 4816 1,
589 4765 616 4824 p.
633 4751 695 4806 308.
710 4778 744 4791 -
763 4747 933 4809 truacones.
