3686 5590
399 514 409 540 .

407 589 460 660 tut
749 602 985 652 uruvuusrrurrs
1008 599 1226 650 at'mtrortmtsrs

404 725 518 815 cahat,
549 730 647 798 tanta
683 720 883 819 eloquentia
908 729 1075 818 tantaque
1101 719 1289 795 calliditate
1313 719 1389 794 tuiti
1416 729 1505 812 sunt,
1534 726 1572 796 ut

405 840 450 914 ad
476 860 575 914 suam
603 835 812 909 sententiam
841 835 997 930 legatum
1022 833 1119 928 regis
1144 833 1366 908 Guillelmum
1395 835 1447 908 Le
1477 837 1572 911 Tunc

406 974 497 1024 auno
540 948 627 1022 1431
668 946 850 1020 traxerint.
893 946 1005 1034 Quod,
1050 971 1155 1042 quum
1197 956 1414 1042 compertum
1452 949 1573 1022 habuit

405 1061 551 1137 Carolus
580 1061 661 1147 Vll,
693 1057 920 1152 negligentiae
945 1057 1168 1129 Guillelmum
1196 1059 1379 1154 increpuit,
1416 1069 1450 1133 et
1478 1063 1574 1158 quid·
1607 1069 1612 1074 '

407 1174 490 1273 quid
505 1173 547 1245 ab
565 1181 740 1245 eoactum
764 1171 880 1242 suerat
899 1193 920 1242 a
943 1169 1167 1242 Parlamento
1184 1171 1349 1265 abrogari
1371 1195 1462 1245 anno
1477 1174 1573 1246 inse·

409 1285 527 1384 quenti
549 1284 658 1380 jussit
685 1293 707 1354 ¹.
739 1282 826 1353 Eam
850 1291 967 1354 tamen
994 1281 1090 1353 litem
1116 1282 1151 1353 in
1178 1282 1322 1376 longum
1352 1285 1569 1378 productam,

408 1419 499 1471 auno
534 1395 637 1484 1500,
668 1416 824 1467 summus
851 1393 1015 1465 Pontifex
1043 1402 1077 1464 et
1104 1393 1322 1466 Francorum
1347 1419 1420 1480 ren,
1450 1397 1575 1469 iterum

409 1529 625 1602 componere
655 1506 772 1578 conati
804 1513 895 1576 sunt.
929 1505 1165 1587 Quamobrem
1191 1528 1212 1576 a
1240 1529 1374 1579 summo
1404 1508 1575 1580 Pontifice

410 1619 508 1694 missi
542 1619 702 1692 loannes
739 1617 902 1704 Casaleti,
950 1618 1076 1688 Petrus
1114 1617 1270 1689 Roudon
1304 1630 1339 1691 et
1370 1620 1576 1692 Guillelmus

409 1733 640 1829 MeynieriuS,
661 1729 858 1825 jurisperiti
868 1727 1148 1817 AvenionenseS,
1172 1751 1316 1802 causam
1330 1745 1462 1804 sanctae
1475 1733 1577 1804 Sedis

411 1845 506 1919 omui
527 1854 654 1916 conatu
676 1843 750 1913 sine
771 1841 876 1912 dubio
901 1850 1051 1934 egerunt
1067 1852 1091 1912 ².
1119 1840 1151 1912 A
1173 1842 1373 1935 Prolegatis
1388 1844 1456 1915 duo
1471 1845 1572 1931 Belli,

411 1956 610 2028 Ludovicus
637 1963 671 2025 et
693 1952 847 2036 Gabriel,
869 1952 1093 2046 amplissimis
1119 1953 1223 2024 etiam
1248 1955 1437 2047 provinciis
1466 1956 1579 2027 ornati

413 2077 505 2140 sunt.
526 2066 742 2139 Ludovicum
759 2065 851 2136 enim
868 2064 1078 2151 Montorius,
1103 2086 1193 2135 anno
1216 2065 1319 2155 1605,
1344 2096 1361 2131 «
1381 2067 1447 2138 sibi
1464 2069 1577 2139 nomi-

411 2188 472 2252 nat
495 2180 722 2251 adsessorem
741 2177 776 2247 in
796 2175 955 2270 generali
981 2175 1040 2247 illa
1069 2176 1264 2248 redditione
1284 2178 1468 2264 rationum,
1498 2203 1576 2275 quae

414 2289 742 2384 areliquoteribus
771 2288 781 2326 ³
807 2287 1103 2360 communitatum
1131 2289 1237 2382 hujus
1271 2297 1382 2363 status
1414 2292 1579 2385 exigeba-

413 2413 480 2473 tur.
504 2425 569 2472 nec
587 2423 656 2472 nou
674 2401 728 2471 sui
752 2400 907 2470 muneris
923 2399 1092 2471 vicarium
1114 2399 1267 2471 destinat
1283 2401 1318 2470 in
1336 2401 1414 2490 illis,
1438 2427 1516 2500 quae
1535 2403 1581 2474 ad

415 2512 698 2586 observationem
712 2511 817 2582 bullae
827 2509 871 2581 de
884 2510 972 2582 bono
989 2510 1161 2605 reptatio
1177 2512 1414 2604 pertinerent:
1430 2515 1579 2608 septimo

414 2633 530 2698 autem
555 2647 646 2696 auno
680 2619 812 2720 (1607),
843 2622 1117 2716 disceptatorem
1147 2623 1411 2715 cognitoremve
1441 2626 1582 2719 delegat

416 2736 668 2808 controversiae
699 2735 790 2805 inter
818 2741 995 2804 nostrates
1029 2741 1064 2804 et
1093 2733 1357 2823 Villauovanos
1392 2738 1580 2809 occasione

414 2848 584 2942 trajectus
599 2846 800 2918 Rhodanici
826 2853 944 2916 motae.
972 2845 1157 2915 Ferrerius
1173 2842 1197 2932 ⁴,
1223 2848 1419 2918 assessoris
1444 2849 1583 2942 provin-

417 2960 518 3046 ciam,
542 2981 563 3030 a
585 2957 763 3029 Montorio
783 2957 859 3050 jam
884 2963 965 3027 ante
983 2955 1145 3044 delatam,
1171 2956 1297 3028 eodem
1319 2980 1410 3030 anno
1436 2960 1578 3047 adserit,

418 3069 644 3166 ampliatque.
687 3067 994 3169 Eminentissimus
1032 3067 1267 3139 Philonardus
1311 3092 1391 3140 eum
1425 3069 1587 3166 [Ludovi-

419 3180 511 3277 cum]
540 3203 713 3252 unacum
742 3178 934 3250 Comitatus
961 3179 1128 3267 Rectore,
1162 3180 1317 3256 nominat
1349 3181 1515 3262 arbitrum
1542 3183 1588 3254 ad

420 3293 514 3364 illam
542 3291 834 3363 consultationem
859 3289 1114 3383 percelebrem,
1143 3313 1222 3385 quae
1247 3313 1339 3362 anno
1365 3293 1488 3364 saeculi
1505 3315 1588 3366 cur-

419 3403 532 3474 rentis
568 3401 780 3499 [praesentis]
799 3400 905 3472 XIII
933 3423 1040 3495 super
1065 3401 1207 3497 antiqua
1233 3402 1483 3474 haereticorum
1512 3405 1582 3492 lite,

419 3517 514 3588 bona
532 3515 575 3586 ob
597 3514 766 3585 haeresim
789 3513 967 3613 publicata
991 3521 1094 3608 atque
1121 3515 1330 3608 proscripta,
1362 3516 1523 3609 recipere
1547 3540 1589 3588 ae

420 3627 607 3699 redhibere
630 3625 875 3719 satagentium,
902 3624 1033 3712 habita,
1054 3633 1089 3695 et
1108 3625 1289 3697 acerrimis
1311 3627 1443 3720 agitata
1465 3628 1589 3699 animis

422 3746 477 3811 est
503 3760 610 3832 supra
636 3737 796 3814 Pontem.
825 3736 860 3807 in
880 3736 959 3807 aede
985 3736 1031 3806 D.
1051 3735 1200 3808 Nicolao
1223 3760 1336 3826 sacra,
1360 3737 1535 3810 Cardinali
1556 3749 1590 3810 et

421 3849 697 3921 marescharcho
714 3846 986 3943 d’Esdipuibres
1001 3847 1258 3940 praesentibus;
1277 3849 1313 3919 in
1329 3872 1407 3945 qua,
1422 3850 1479 3920 vix
1497 3851 1592 3944 capit

421 3961 522 4049 fides,
539 3983 643 4056 quam
655 3967 797 4031 strenue
811 3981 892 4030 sese
904 3971 1009 4054 atque
1021 3959 1236 4030 excellenter
1245 3960 1418 4048 habuerit,
1436 3969 1470 4032 et
1483 3963 1592 4058 aequi-

421 4081 503 4160 tate,
532 4093 635 4168 quam
658 4071 832 4159 tuebatur,
862 4092 994 4158 causae,
1027 4080 1061 4141 et
1079 4070 1222 4164 propria
1246 4072 1371 4143 virtute
1397 4074 1550 4146 munitus
1580 4097 1588 4146 :

460 4343 484 4394 l.
501 4339 584 4395 Caua.
599 4340 693 4409 Vnum,
708 4348 728 4396 1.
746 4337 787 4408 lV,
805 4336 826 4392 1ο
837 4339 871 4392 35
884 4345 922 4394 v⁰.

461 4427 488 4480 Ξ.
508 4424 648 4484 lnrssma.
664 4425 743 4485 ibid„
758 4432 777 4478 1.
794 4423 827 4482 ll.
842 4421 864 4476 f⁰
875 4427 919 4477 79.

460 4512 487 4563 3.
508 4509 597 4564 Verbo
621 4511 850 4579 reliquatortbus
877 4507 1017 4581 designari
1041 4513 1168 4578 putamus
1190 4521 1249 4569 eos,
1272 4503 1319 4576 qui
1346 4501 1596 4559 communitatibus

422 4601 468 4646 aut
490 4601 638 4648 mutuatam
656 4595 812 4666 pecuniam,
828 4603 874 4647 aut
888 4591 1032 4665 vectigalia
1047 4591 1168 4646 noudum
1184 4589 1383 4662 persolverant.

459 4681 474 4732 1
496 4677 765 4732 Petrus-Franciscus
778 4675 1107 4746 llontoriusetloseplrus
1119 4673 1257 4729 Ferrerius
1267 4672 1401 4746 Prolegati
1411 4672 1493 4728 ambo
1505 4671 1594 4738 luere,

422 4762 490 4822 ulter
503 4763 536 4822 ab
547 4779 619 4824 unito
638 4765 711 4835 tuot,
729 4761 799 4844 alter
815 4762 848 4824 ab
864 4777 937 4821 arturo
955 4764 1030 4821 lti't7.
1049 4759 1089 4830 (P.
1108 4762 1225 4829 bettane,
1239 4764 1314 4815 Aron.
1328 4758 1361 4813 de
1378 4757 1468 4834 tant).
