3686 5590
598 541 761 592 merorum
782 539 993 591 nnunnnnnro.
1332 504 1370 572 67

215 659 396 734 scholares
410 661 446 732 in
463 662 580 733 locum
597 663 852 756 egredientium
871 659 1122 753 subrogabant.
1146 660 1236 732 Haeo
1251 669 1368 733 autem

215 773 398 868 privilegia
423 773 559 862 deinde,
593 775 740 867 septimo
770 773 906 847 decimo
934 772 1077 860 saeoul0,
1107 772 1222 845 omnia
1246 773 1371 845 amise-

216 895 296 956 runt
321 896 346 956 ¹.

266 997 486 1069 Peculiarem
515 997 653 1092 quidem
679 998 957 1092 uniuscujusque
986 995 1126 1088 collegii
1153 995 1303 1068 formam
1331 1019 1372 1070 ac

219 1108 436 1201 disciplinam
454 1108 663 1193 omittemus
692 1131 773 1180 nam
794 1109 870 1179 sere
895 1107 1048 1179 omnium
1071 1114 1199 1179 statuta
1221 1117 1280 1179 aut
1303 1131 1376 1180 om-

219 1220 300 1290 nino
317 1219 508 1312 deperdita,
527 1227 586 1290 aut
602 1220 637 1290 in
651 1220 767 1291 lucem
782 1219 935 1291 nondum
950 1217 1121 1312 producta
1134 1217 1286 1289 fuerunt.
1306 1218 1377 1291 Sed

222 1355 266 1402 ex
288 1330 424 1401 statutis
442 1331 646 1401 monasterii
664 1330 982 1429 Sancti-Martialis
1006 1351 1084 1424 quae
1104 1336 1244 1402 servata
1265 1330 1380 1424 perle-

221 1443 347 1536 gimus,
380 1441 557 1534 conjicere
582 1441 664 1512 licet
684 1442 785 1537 quale
810 1442 915 1512 fuerit
940 1439 1152 1511 studentium
1185 1441 1220 1511 in
1250 1441 1378 1512 ceteris

224 1552 381 1644 collegiis
395 1551 534 1623 vivendi
548 1574 675 1645 genus.
694 1553 733 1623 ld
748 1553 896 1646 primum
912 1551 1072 1622 omnibus
1088 1575 1272 1622 commune
1286 1553 1382 1624 vide-

224 1673 280 1734 tur
292 1664 415 1743 fuisse,
428 1671 576 1734 utnemo
586 1663 622 1734 in
632 1687 814 1736 numerum
827 1664 1092 1756 collegiatarum
1101 1661 1234 1734 admitti
1245 1671 1378 1758 posset,

225 1775 293 1846 nisi
311 1797 391 1846 sese
407 1775 555 1866 primum
578 1775 613 1845 in
632 1775 726 1846 nulla
746 1775 814 1846 alia
827 1774 1076 1861 Universitate,
1097 1774 1164 1844 nisi
1177 1773 1214 1845 in
1230 1774 1383 1848 Avenie-

227 1887 339 1974 nensi,
365 1885 497 1978 gradus
522 1887 749 1980 quaesiturum
773 1885 947 1979 pollicitus
970 1885 1098 1956 fuisset
1113 1895 1137 1955 ².
1155 1887 1339 1958 Praeterea
1362 1889 1387 1959 ii

231 2005 364 2069 tantum
375 1995 682 2068 Sancti-Martialis
694 1997 880 2090 collegium
894 1996 1080 2084 intrabant,
1098 1995 1166 2091 qui,
1181 1997 1257 2090 jam
1271 2021 1388 2091 gram-

232 2108 370 2180 maticae
397 2107 510 2200 periti,
547 2108 650 2179 bonis
684 2131 822 2204 quoque
850 2105 975 2178 litteris
1005 2107 1127 2177 imbuti
1157 2107 1314 2200 fuerant;
1344 2111 1388 2184 iis

234 2218 420 2311 collegium
445 2241 516 2289 non
534 2219 638 2290 modo
654 2219 844 2312 hospitium
859 2226 894 2289 et
907 2219 1046 2305 rictum,
1075 2218 1139 2289 sed
1154 2218 1263 2290 libros
1288 2221 1393 2294 etiam

235 2339 270 2403 et
283 2338 403 2400 vestes
423 2330 620 2423 praebebat.
637 2331 726 2402 Tum
740 2330 776 2400 in
790 2330 868 2423 ipso
887 2329 1071 2425 gymnasio
1086 2329 1205 2422 legum
1221 2331 1394 2430 elementa

236 2442 450 2530 ediscebant,
467 2449 501 2512 et
512 2441 637 2513 deinde
650 2442 695 2514 ad
704 2441 978 2513 Universitatem
989 2441 1224 2530 mittebantur,
1235 2451 1272 2512 ut
1281 2444 1396 2537 puhli-

237 2576 299 2626 oas
309 2552 491 2624 doctorum
500 2553 672 2624 lectiones
686 2553 856 2640 audirent,
870 2575 956 2648 quas
970 2551 1110 2624 domum
1122 2553 1257 2624 reversi
1268 2555 1396 2628 aReo-

142 2645 145 2658 ’
237 2675 314 2737 tore
332 2664 500 2758 repetitas
525 2664 650 2735 melius
679 2664 921 2756 intelligebant
948 2671 982 2734 et
1005 2663 1258 2758 percipiebant.
1282 2665 1397 2739 Feriis

240 2785 372 2864 autem,
409 2776 490 2846 dum
522 2776 696 2847 vacabant
734 2773 981 2846 Universitatis
1015 2775 1199 2864 doctoreS,
1238 2777 1400 2874 discipuli

240 2887 384 2984 privatis
411 2897 446 2958 et
475 2887 575 2983 quasi
603 2887 805 2958 domesticis
833 2886 1060 2958 tradebantur
1087 2885 1123 2958 in
1150 2888 1299 2982 collegio
1321 2912 1397 2962 ma-

241 3000 379 3095 gistris;
401 3021 499 3092 saepe
519 2999 623 3070 etiam
646 2999 737 3070 inter
761 3021 800 3070 se
822 2999 865 3070 de
889 2998 1095 3094 quibusdam
1110 2999 1229 3092 legum
1247 3001 1401 3074 axioma-

242 3111 333 3182 tibus
365 3111 620 3204 disoeptabant.
656 3110 714 3181 Sic
744 3110 996 3182 monachorum
1031 3110 1167 3181 animus
1200 3113 1397 3203 curabatur,

243 3245 309 3294 neo
332 3228 450 3293 tamen
477 3221 760 3314 intereaoorpus
782 3221 1040 3315 negligebatur.
1066 3221 1159 3294 Nam
1174 3223 1264 3294 inter
1280 3225 1404 3296 eadem

246 3341 384 3420 statuta,
416 3333 524 3404 multa
548 3331 855 3404 animadvertimus
882 3333 926 3404 ad
951 3333 1078 3404 victum
1105 3342 1140 3404 et
1157 3335 1279 3427 epulas
1298 3359 1404 3430 speo-

245 3445 366 3516 tantia.
412 3443 670 3515 Tribuebantur
715 3444 806 3514 enim
852 3444 1004 3539 quotidie
1048 3445 1195 3538 singulis
1238 3445 1406 3519 fratribus

254 3585 270 3622 «
294 3553 438 3652 pondus
472 3555 629 3634 duorum
666 3554 844 3626 librorum
875 3577 956 3628 cum
995 3555 1144 3628 dimidiu
1170 3557 1279 3653 porcis
1322 3558 1407 3652 fro-

249 3667 360 3739 mentt'
382 3665 464 3738 boni
481 3675 517 3738 et
532 3667 689 3762 porpott'
714 3667 941 3762 duorumque
963 3669 1175 3763 lagenorum
1198 3668 1283 3753 ctat,
1319 3692 1407 3764 qnos

244 3777 425 3876 pleberios
441 3807 457 3843 u
480 3779 673 3867 vocabant3
698 3787 802 3874 atque
825 3779 970 3873 insuper
995 3779 1051 3850 his
1082 3803 1187 3876 «pro
1212 3781 1407 3878 pulmentis

253 3891 374 3962 decem
397 3889 539 3960 danorii
567 3889 789 3960 anonenses
818 3889 868 3961 od
887 3912 1027 3976 carnes,
1051 3890 1220 3974 laridum,
1237 3892 1357 3988 pisces
1374 3902 1411 3966 ot

255 4001 344 4076 ulios
367 3999 476 4096 dapes
505 4000 767 4097 comparandas
793 4025 827 4090 »3
858 4025 937 4098 quae
957 4003 1097 4099 quidem
1121 4026 1256 4074 summa
1284 4005 1414 4100 duplex

254 4113 356 4186 festis
380 4112 503 4184 diebus
528 4111 648 4183 fiebat.
670 4112 844 4184 Secundae
870 4113 974 4186 etiam
991 4137 1126 4209 mensae
1146 4116 1413 4209 apponebantur

256 4223 449 4312 monachis,
474 4221 531 4320 qui
547 4223 687 4317 longius
705 4225 890 4318 prandium
913 4225 1004 4297 inter
1027 4234 1062 4298 et
1084 4249 1222 4298 coenam
1247 4227 1414 4308 interval-

257 4336 329 4412 lum
351 4334 618 4432 interjiciebant,
647 4335 821 4433 iidemque
846 4337 1047 4434 quotidiano
1070 4337 1141 4410 nini
1164 4339 1293 4413 haustu
1318 4341 1415 4416 aesti-

302 4601 324 4646 ι.
339 4589 421 4651 Cinna.
436 4589 528 4657 Vana„
548 4603 566 4651 t.
584 4592 617 4663 ll,
633 4594 655 4652 fo
675 4599 731 4652 rto.

300 4679 326 4734 ’2.
345 4679 510 4752 Consumto„
523 4680 590 4740 tusc.
