3686 5590
401 545 441 615 81
746 569 984 616 usuvnnsrrnrrs
1006 565 1228 616 amuornxsts

399 688 423 758 ii
440 688 568 758 invecti
594 687 727 757 suntin
745 699 1030 776 conservatores,
1057 687 1150 784 quod
1168 711 1238 758 non
1255 687 1369 757 solum
1387 686 1571 756 doctorum

401 799 650 870 Universitatis
672 798 790 870 officia
807 801 1058 887 exercentium,
1081 809 1117 870 et
1139 799 1351 869 scholarium
1365 799 1402 867 in
1418 797 1570 868 Univer-

401 912 504 982 sitate
520 911 744 998 studentium,
763 912 828 982 sed
839 912 987 983 aliorum
1000 911 1234 1007 quorumlibet
1247 911 1431 981 doctorum
1441 930 1570 980 causas

403 1022 468 1093 sibi
487 1031 696 1115 arrogarent
710 1033 734 1092 ¹.

448 1134 526 1204 Res
550 1134 700 1226 primum
718 1134 834 1206 delata
852 1143 908 1205 est
931 1134 976 1204 ad
996 1134 1311 1228 congregationem
1334 1131 1570 1204 Cardinalium

401 1244 546 1316 Concilii
560 1244 755 1314 Tridentini
769 1246 1010 1338 interpretum.
1031 1269 1111 1340 quae
1127 1268 1219 1316 anno
1238 1245 1328 1316 1597
1338 1243 1572 1339 pririlcqiom

399 1357 477 1450 sori
499 1356 716 1428 confirmarit
747 1381 852 1452 quum
883 1359 927 1427 de
955 1358 1158 1428 doctoribus
1180 1357 1392 1448 legentibus,
1421 1367 1496 1424 tum
1525 1355 1569 1425 de

403 1468 623 1538 scholaribus
639 1469 697 1562 qui
710 1469 834 1538 studiis
849 1491 932 1539 rere
949 1492 1094 1561 operam
1111 1469 1248 1538 darent.
1267 1468 1339 1538 Sed
1352 1467 1458 1560 paulo
1471 1476 1565 1560 post,

402 1602 493 1650 anno
516 1579 619 1665 1599,
644 1579 805 1670 ejusdem
822 1580 997 1672 privilegii
1018 1581 1210 1674 participes
1233 1580 1319 1650 facti
1341 1589 1421 1648 sunt
1446 1601 1569 1649 omnes

402 1690 579 1776 doctores,
605 1691 673 1784 qui,
698 1692 857 1785 quamvis
879 1714 949 1762 non
968 1691 1140 1784 legerent,
1170 1692 1263 1762 aliud
1285 1690 1462 1785 quodlibet
1484 1689 1570 1759 Uni-

400 1801 578 1872 versitatis
603 1801 863 1873 Avenionensis
894 1826 1021 1873 munus
1045 1803 1151 1874 modo
1178 1811 1401 1872 exercerent.
1428 1800 1491 1871 Cui
1517 1801 1569 1869 rei

401 1921 677 1983 consentaneum
695 1913 876 1984 decretum
895 1913 971 1982 tulit
992 1914 1118 1984 eodem
1140 1936 1232 1984 anno
1250 1912 1466 1983 Franciscus
1480 1912 1569 1981 Bor-

400 2023 780 2110 dinns,Avenionensis
793 2025 1096 2118 Arcbiepiscopus
1112 2035 1147 2123 et
1162 2024 1374 2114 Prolegatus
1389 2033 1414 2092 ².
1431 2023 1566 2092 Eodem

399 2136 594 2229 privilegia,
629 2159 828 2231 quanquam
846 2137 1057 2207 obstiterunt
1072 2137 1237 2206 doctores
1257 2135 1456 2226 aggregati,
1490 2135 1562 2228 qni,

400 2269 491 2318 anno
511 2247 614 2334 1679,
635 2271 680 2318 ex
701 2271 792 2318 novo
814 2248 1043 2319 cardinalium
1061 2247 1196 2340 judicio
1221 2246 1402 2340 proprium
1419 2245 1504 2316 illud
1525 2269 1567 2316 ao

399 2357 577 2453 peculiare
591 2367 814 2451 acceperant,
834 2359 904 2429 frui
919 2368 1038 2430 tamen
1053 2381 1176 2430 omnes
1193 2359 1370 2442 doctores,
1396 2359 1569 2428 Innocen-

399 2471 448 2540 tio
467 2470 520 2539 Xl
543 2469 693 2556 fautore,
724 2479 924 2563 potuerunt,
950 2471 1075 2558 donec,
1099 2493 1191 2541 anno
1215 2470 1318 2556 1741,
1340 2469 1569 2540 cardinalium

400 2581 632 2674 congregatio
660 2581 882 2674 privilegium
913 2581 982 2652 fori
1009 2581 1136 2675 eripuit
1159 2582 1321 2652 omnibus
1348 2581 1563 2668 doctoribus,

401 2693 475 2765 sive
491 2693 679 2786 aggregati
702 2702 835 2780 essent,
859 2693 932 2764 sive
951 2716 1021 2764 non
1037 2705 1169 2782 essent,
1200 2694 1258 2789 qui
1275 2693 1310 2764 in
1330 2691 1567 2764 Universitate

401 2805 582 2877 docerent.
605 2805 715 2876 Paulo
739 2813 831 2898 post,
852 2828 944 2877 anno
964 2805 1068 2892 1745,
1091 2805 1306 2876 Benedictus
1321 2805 1420 2892 XIV,
1442 2805 1568 2875 iterum

395 2917 555 3011 judicata
572 2938 691 3003 cansa,
708 2916 912 2988 doctoribus
929 2918 1090 2988 omnibus
1107 2926 1141 2987 et
1154 2917 1374 2988 studentibus
1390 2924 1425 2986 et
1437 2915 1567 2987 bidello

403 3038 438 3099 et
470 3028 546 3099 aliis
577 3027 620 3098 ab
645 3027 885 3100 Universitate
910 3029 1144 3100 remuneratis
1173 3029 1341 3099 ministris
1367 3025 1571 3100 Consona-

403 3139 548 3222 tortam,
568 3139 625 3210 vel
639 3139 707 3210 fori
724 3139 946 3233 privilegium
960 3141 1126 3211 restituit.
1146 3141 1267 3212 Voluit
1281 3150 1400 3211 tamen
1416 3162 1572 3210 summus

403 3250 568 3322 Pontifex
598 3274 786 3322 causarum
813 3252 1044 3344 gravissimas
1078 3252 1229 3347 quidem,
1263 3253 1308 3322 ad
1343 3251 1572 3342 Prolegatum

404 3361 545 3452 deferri,
577 3362 731 3434 leviores
759 3362 886 3434 deinde
914 3374 949 3434 et
981 3364 1082 3458 quasi
1114 3364 1261 3450 medias,
1298 3363 1344 3433 ad
1375 3361 1572 3432 ordinarios

397 3473 551 3568 jndices„
583 3474 734 3568 denique
762 3473 808 3544 ad
830 3483 1102 3544 conservatores
1128 3473 1326 3544 levissimas
1351 3473 1515 3559 omnium,
1537 3473 1574 3542 id

403 3593 468 3672 est,
488 3584 641 3674 fiscales,
665 3593 700 3655 et
724 3585 954 3656 criminalium
977 3585 1150 3672 minimae,
1185 3586 1219 3655 in
1242 3585 1367 3680 quibus
1394 3615 1410 3649 «
1421 3583 1536 3681 privil
1554 3625 1572 3636 -

309 3774 313 3780 ¹
401 3695 522 3792 piatus
531 3704 676 3792 peteret
690 3696 845 3790 alicujus
862 3695 967 3792 spolii
982 3696 1329 3791 redintcpcntioaem
1346 3697 1403 3767 ecl
1416 3697 1571 3790 nltcujns

403 3807 527 3879 domni
543 3807 776 3903 refectionem
790 3807 815 3878 ³.
831 3809 888 3879 Sic
901 3819 981 3902 post
995 3809 1122 3902 longas
1137 3809 1426 3902 disceptationes
1448 3831 1571 3880 omnes

403 3919 662 3992 Aveuionensis
681 3918 930 3991 Universitatis
944 3921 1121 4007 doctores
1146 3921 1328 3991 studentes
1344 3943 1385 3992 ao
1400 3921 1573 4014 suppositi
1632 4003 1634 4007 ¹

403 4033 438 4104 in
448 4031 541 4125 jura,
564 4030 688 4126 quibus
707 4040 812 4102 antea
825 4031 1043 4120 fruebantur,
1063 4031 1215 4102 restituti
1234 4040 1327 4103 sunt.

453 4144 636 4216 Praeterea
652 4152 882 4215 concesserat
897 4143 1015 4214 Sixtus
1035 4144 1085 4214 IV
1102 4152 1139 4214 ut
1154 4143 1423 4216 avenionenses
1443 4143 1573 4239 magis-

441 4470 465 4526 l.
481 4471 557 4526 Ball.
576 4471 653 4525 cinit.
670 4473 770 4530 doen„
797 4484 824 4540 p.
845 4468 880 4523 nt
899 4476 926 4524 et
947 4469 990 4522 82.
1013 4495 1049 4510 u-
1073 4469 1221 4526 Benediotc
1241 4471 1309 4525 XIV
1327 4478 1428 4533 const„
1451 4487 1478 4543 p.
1495 4475 1521 4525 d.
1540 4497 1568 4512 -

404 4542 571 4606 Csnnconn„
590 4543 655 4598 11161.
675 4573 704 4582 -
719 4541 873 4603 llsssurun,
891 4545 928 4594 P.
946 4543 998 4596 rel.
1015 4545 1034 4596 ὰ
1050 4543 1165 4603 diluto„
1182 4559 1209 4615 p.
1226 4547 1260 4598 16
1275 4544 1309 4598 du
1324 4553 1343 4600 1.
1359 4544 1379 4600 l.
1413 4581 1418 4588 ‚

439 4633 465 4684 1.
484 4629 631 4686 Benedicti
642 4629 684 4682 Xl
689 4631 710 4680 V
723 4636 824 4688 const„
844 4643 870 4699 p.
885 4631 911 4685 7.
991 4639 994 4646 ·

438 4721 465 4774 d.
480 4715 563 4774 ibid.¹
580 4731 606 4786 p.
624 4717 704 4770 8-t'l.
