3686 5590
384 579 452 649 tut
738 603 974 652 umvsnsrrnrrs
995 601 1215 652 urnucnnusrs
1330 649 1337 662 ‚

398 720 541 795 saniora
567 720 646 817 ejus
664 721 812 796 consilia
832 720 985 820 quotidie
1010 723 1234 820 experiatur:
1254 722 1325 796 imo
1341 719 1436 798 nulla
1457 744 1557 798 mau-

397 835 479 908 data
489 836 533 908 de
549 835 730 924 solvendo,
752 835 999 908 aGonsulihus
1017 837 1190 932 expedita,
1205 859 1271 932 per
1283 835 1558 910 Thesaurarium

396 947 545 1022 civitatis
562 948 650 1020 solvi
666 957 826 1043 possunt,
839 949 907 1022 nisi
921 948 965 1020 ab
983 947 1109 1022 eodem
1118 949 1324 1022 Primicerio
1338 958 1373 1022 et
1383 949 1557 1044 deputatis

396 1055 537 1154 collegii
552 1061 746 1155 approbata
759 1069 795 1132 et
809 1083 915 1132 manu
928 1061 1071 1154 propria
1082 1061 1281 1154 subscripta
1294 1085 1302 1150 ;
1320 1061 1414 1133 nulla
1427 1061 1559 1155 pariter

401 1200 417 1236 u
435 1171 626 1268 affictuum
643 1202 660 1238 »
679 1184 687 1210 ¹
707 1171 764 1244 vel
790 1195 936 1266 operum
958 1172 1004 1244 ad
1029 1173 1189 1266 regimen
1217 1173 1366 1244 civitatis
1392 1181 1558 1266 spectan-

394 1282 481 1354 tium
497 1284 653 1374 licitatio,
682 1293 742 1356 aut
758 1283 964 1356 deliberatio
981 1283 1063 1370 ,fieri
1088 1293 1216 1377 potest,
1245 1285 1314 1356 nisi
1329 1284 1417 1378 ipsis
1435 1284 1559 1357 Primi-

396 1395 492 1467 cerio
509 1405 544 1467 et
561 1396 736 1490 deputatis
758 1395 995 1490 praesentibus
1018 1403 1077 1468 aut
1095 1395 1252 1484 vocatis3
1273 1396 1423 1494 denique
1444 1395 1558 1469 nullus

395 1516 597 1586 contractus
613 1508 754 1580 nomine
777 1508 925 1580 civitatis
940 1529 961 1578 a
977 1506 1188 1579 Consulibus
1208 1507 1376 1601 stipulari,
1398 1507 1466 1578 nisi
1479 1508 1558 1601 ipso

377 1619 594 1714 ‚subscripto
611 1643 691 1692 cum
705 1642 775 1691 uno
791 1619 848 1690 vel
863 1618 1021 1712 pluribus
1036 1619 1212 1714 deputatis
1231 1618 1372 1712 collegii
1387 1648 1403 1684 »
1424 1629 1449 1690 ¹.
1481 1618 1561 1690 Om-

393 1731 497 1802 nibus
509 1731 617 1824 igitur
629 1729 996 1824 Avenionisnegotiis,
1017 1730 1232 1818 utilitatibus
1251 1730 1421 1824 impensis
1434 1738 1557 1804 nostra

397 1842 604 1914 consulebat
618 1843 854 1914 Universitas.

443 1953 635 2025 Doctorum
652 1961 770 2026 tamen
793 1952 1094 2024 Avenionensinm
1117 1974 1161 2024 ea
1185 1953 1377 2025 auotoritas
1394 1953 1560 2025 fuittem-

394 2087 482 2158 pore
496 2065 689 2137 imminuta.
709 2066 872 2161 Namque
886 2065 947 2136 ubi
965 2087 987 2136 a
1006 2064 1151 2136 summis
1171 2063 1400 2137 Pontificibus
1419 2065 1562 2138 deserta

397 2185 453 2247 est
482 2176 636 2265 Arenio,
670 2177 730 2248 ubi
767 2176 969 2250 schismatis
1000 2175 1286 2248 altercationibus
1318 2186 1353 2248 et
1383 2177 1560 2271 religiosis

395 2289 646 2360 controversiis
675 2289 849 2360 interesse
883 2287 998 2375 desiit,
1042 2287 1188 2358 multum
1232 2287 1349 2358 statim
1382 2287 1560 2382 dignitatis

395 2408 500 2494 atque
528 2398 763 2492 amplitudinis
799 2399 916 2470 amisit
929 2397 956 2470 ³.
998 2397 1270 2491 Disciplinarum
1309 2399 1555 2492 prosperitate,

395 2509 714 2606 magistrorumque
728 2511 824 2583 fama
837 2509 1005 2604 paulatim
1020 2509 1217 2598 deficiente,
1236 2511 1440 2603 magnitudo
1456 2511 1560 2583 etiam

395 2621 644 2693 Universitatis
662 2622 806 2710 effluxit,
826 2645 906 2718 quae
921 2621 1050 2693 nullius
1066 2643 1178 2717 prope
1196 2622 1365 2706 momenti,
1381 2631 1561 2716 postremo

396 2733 473 2820 fuit,
503 2756 608 2828 quum
629 2734 724 2827 apud
746 2755 866 2828 reges,
898 2743 970 2804 tum
990 2733 1084 2826 apud
1109 2731 1395 2807 Avenioneuses.
1423 2733 1562 2805 Etenim

398 2843 545 2915 Parisiis
564 2867 655 2915 anno
677 2845 770 2916 1716
782 2845 923 2938 legatus
942 2844 1082 2940 quidam
1098 2843 1371 2930 Avenionensis,
1395 2845 1451 2916 cui
1466 2845 1561 2917 cives

399 2955 583 3027 commoda
599 2978 663 3027 sua
681 2955 941 3042 commiserant,
972 2955 1022 3028 ita
1041 2955 1166 3027 illusus
1185 2964 1250 3044 est,
1281 2965 1319 3026 ut
1340 2955 1562 3028 Universitas

397 3065 594 3160 pecuniam,
616 3089 685 3162 qua
699 3067 847 3138 Parisiis
863 3089 902 3138 se
918 3067 1149 3154 sustentabat,
1170 3067 1203 3138 ei
1217 3067 1467 3139 retrahendam
1481 3091 1563 3138 cen—

401 3177 524 3248 suerit.
541 3177 677 3249 Eadem
694 3177 887 3272 Prolegato
902 3185 977 3250 tota
992 3178 1154 3272 subjecta
1169 3186 1255 3265 erat,
1275 3179 1377 3272 cujus
1389 3188 1564 3272 potestate

402 3296 598 3377 crescente,
617 3289 729 3382 ipsius
748 3289 939 3365 auctoritas
953 3289 1135 3361 imminuta
1150 3298 1218 3361 est.
1245 3291 1298 3361 lta
1316 3290 1394 3384 ejus
1416 3291 1564 3384 gratiam

401 3401 572 3497 obsequio
589 3402 759 3497 consequi
778 3409 906 3474 conata
920 3411 985 3490 est,
1005 3410 1043 3474 ut
1062 3401 1147 3492 nibil
1165 3410 1288 3474 contra
1305 3403 1383 3496 ejus
1401 3403 1566 3476 mandata

401 3511 531 3600 dicere,
563 3521 622 3584 aut
651 3513 803 3585 suadere
828 3513 865 3584 in
885 3513 1032 3586 oonsilio
1062 3513 1211 3586 civitatis
1240 3536 1328 3586 ausa
1357 3513 1475 3586 fuerit.
1496 3515 1568 3586 Sed

401 3623 593 3717 provincia,
626 3625 669 3696 ab
702 3647 745 3696 eo
780 3633 948 3719 suscepta
975 3625 1189 3696 diminuendi
1209 3625 1357 3697 civitatis
1393 3634 1563 3720 sumptus,

403 3734 549 3828 egregie
566 3735 795 3828 fungebatur;
820 3736 947 3832 quippe
967 3758 1047 3832 quae
1063 3759 1154 3808 anno
1176 3735 1269 3808 1713
1283 3736 1376 3808 dona
1391 3747 1426 3807 et
1444 3738 1566 3809 convi-

402 3846 506 3928 vium,
530 3868 551 3918 a
566 3846 757 3940 Prolegato
775 3847 979 3942 Bouqureru'
992 3869 1187 3942 suppressa
1205 3870 1297 3920 anno
1319 3847 1422 3934 1706,
1441 3849 1567 3920 iterum

403 3955 623 4045 Consulibus,
656 3957 877 4046 consiliariis,
914 3959 1113 4054 ceterisque
1138 3958 1288 4030 civitatis
1312 3987 1329 4023 κ
1344 3958 1562 4053 officiariis.»

404 4068 449 4140 ad
466 4068 654 4162 nativitatis
676 4069 817 4152 Domini
839 4069 970 4142 festum
991 4051 1129 4142 restitui
1149 4067 1338 4142 noluerit⁴.
1367 4070 1424 4142 Sic
1439 4071 1565 4143 nobilis

276 4265 278 4272 y
402 4179 461 4250 illa
484 4179 717 4270 Universitas,
739 4205 818 4278 quae
842 4182 1018 4278 quondam
1036 4191 1134 4256 tanta
1155 4182 1249 4275 apud
1274 4205 1429 4256 summos
1449 4184 1568 4259 Ponti-

440 4426 464 4478 t.
479 4428 607 4494 Affiotus,
624 4440 734 4490 census,
748 4425 852 4481 reditus
866 4423 1024 4496 (Ducanon).

438 4510 464 4563 2.
479 4509 646 4575 Consonus,
660 4513 733 4564 Noo.
749 4511 823 4580 disq.
840 4513 904 4580 leq„
920 4527 946 4581 p.
961 4513 1005 4564 61.

439 4595 466 4661 3.
484 4591 616 4657 Falnsor,
631 4595 712 4655 ibid„
727 4601 747 4648 t.
764 4593 805 4658 lV,
821 4593 843 4647 1ο
857 4596 901 4648 53.

440 4677 464 4730 1.
481 4681 646 4751 officiarius
660 4695 760 4752 gerens
773 4676 884 4750 aliquod
906 4695 1014 4742 munus,
1032 4677 1130 4749 gallice
1151 4681 1270 4746 officter.
1288 4675 1345 4730 Vid.
1361 4674 1565 4751 01111ᾶί15100-

405 4761 508 4838 oauou).
529 4793 555 4803 ·
576 4766 660 4823 Μέιη.
679 4781 732 4820 sur
747 4765 849 4825 l’Unio.
867 4766 1008 4834 d'Aoipn..
1026 4762 1059 4820 ἴθ’
1074 4763 1135 4827 265,
1153 4765 1215 4821 26⁸.
1324 4771 1326 4777 '
