3686 5590
658 627 823 676 aaronica
842 622 1055 675 unumunurm.
1387 595 1440 664 tut

280 743 414 822 Gallico
433 747 563 844 Regno
587 745 840 845 adjungeretur
862 771 954 822 anno
976 745 1081 820 1791.
1103 736 1338 819 Nihilominus
1351 732 1440 808 nnt-

279 861 441 950 versitaS,
478 884 676 959 quanquam
716 861 985 960 repetendorum
1024 857 1216 956 privilegiis
1244 851 1436 932 fruebatur,

281 973 465 1047 Pontificia
487 983 522 1046 et
543 997 689 1048 romana
715 975 854 1063 mansit,
882 974 1045 1068 Regibus
1063 971 1244 1044 Gallorum
1268 974 1303 1038 et
1328 959 1440 1034 Gottts

279 1083 587 1158 Avenionensibus
622 1097 629 1123 ¹
664 1086 870 1184 plerumque
908 1083 1127 1171 adversaria,
1172 1080 1269 1152 Italis
1310 1073 1442 1168 saepius

280 1196 504 1286 amicissima,
532 1198 676 1270 summis
697 1198 927 1270 Pontificibus
950 1197 1101 1269 maxime
1124 1191 1286 1278 obnoxia,
1318 1185 1442 1284 quibus

280 1307 316 1378 in
337 1308 413 1380 dies
440 1309 555 1403 magis
580 1331 621 1381 ac
644 1310 758 1404 magis
787 1332 869 1382 sese
892 1309 1023 1382 addixit
1049 1333 1056 1380 :
1085 1309 1204 1402 itaque
1228 1299 1442 1398 praevalente

282 1419 417 1492 Gallica
432 1420 596 1509 factione,
617 1445 756 1494 omnem
774 1421 989 1515 dignitatem,
1011 1442 1149 1492 omnem
1166 1411 1438 1511 amplitudinem,

282 1553 491 1628 omnemque
510 1535 754 1606 auctoritatem
769 1533 894 1620 amisit,
914 1533 1012 1627 parvi
1027 1531 1177 1626 denique
1200 1523 1366 1598 momenti
1381 1519 1447 1596 suit

283 1641 441 1715 incuriae
460 1645 783 1717 deliberationibus,

330 1755 408 1828 Nec
435 1757 579 1846 summis
605 1766 739 1828 tantum
769 1756 1010 1844 Pontificibus
1045 1755 1109 1828 sed
1127 1751 1313 1826 catholicae
1340 1745 1445 1820 etiam

281 1867 364 1938 fidei
388 1868 651 1940 devotissimam
678 1891 760 1940 sese
786 1869 938 1962 praebuit
962 1876 1083 1940 nostra
1101 1867 1180 1937 baec
1206 1859 1442 1935 Universitas.

283 1978 428 2052 Ceteras
446 1980 539 2051 enim
558 2003 622 2077 suc
640 1980 676 2050 in
700 1979 934 2054 Christianam
951 1979 1057 2050 fidem
1083 1977 1197 2050 studio
1220 1975 1326 2067 longe
1346 1980 1446 2042 ante·

286 2089 412 2178 celluit,
428 2101 462 2162 et
478 2091 649 2163 adversus
663 2091 865 2179 haereticos
883 2093 956 2164 sive
970 2089 1227 2171 Lutbert‘onos,
1244 2109 1305 2158 seu
1319 2083 1449 2154 Jonse-

285 2201 412 2285 mistus,
430 2203 623 2276 accerrime
642 2204 823 2299 pugnavit.
840 2204 941 2286 Quod
952 2203 1091 2298 quidem
1101 2202 1137 2272 in
1152 2199 1397 2272 detrimentum
1416 2191 1448 2263 ei
1553 2191 1556 2196 ’

287 2336 385 2408 saepe
399 2315 514 2386 vertit.
531 2314 694 2411 Namque
710 2315 816 2387 variis
831 2315 1059 2409 temporibus,
1078 2322 1112 2384 et
1126 2311 1306 2406 praecipue
1323 2318 1448 2379 octavo

286 2425 422 2516 decimo
460 2426 603 2513 saecule,
639 2427 780 2498 deserta
817 2427 882 2497 fuit
915 2450 937 2498 a
971 2425 1092 2520 Regni
1123 2421 1354 2505 studentibus,
1392 2415 1450 2512 qui

287 2535 433 2608 Gallicae
455 2537 620 2610 ecclesiae
639 2538 859 2610 libertatibus
876 2537 1027 2610 maxime
1052 2535 1211 2608 obstricti
1225 2532 1446 2606 tenebantur.

335 2648 557 2720 Summorum
595 2649 702 2742 igitur
737 2649 948 2721 Pontificum
980 2647 1166 2735 beneficio,
1202 2645 1374 2740 majorem
1414 2639 1450 2710 in

287 2760 404 2849 rebus,
443 2783 548 2856 quum
585 2760 721 2849 divinis,
760 2768 833 2832 tum
863 2760 1037 2846 humanis,
1079 2780 1183 2855 quarn
1215 2755 1350 2854 quaevis
1383 2757 1451 2830 alia

287 2872 417 2966 Regni,
441 2880 590 2965 excepta
608 2873 814 2958 Parisiensi,
832 2881 955 2944 nostra
969 2870 1191 2943 Universitas
1207 2869 1450 2942 auctoritatem

290 2970 449 3041 obtinuit.
491 2971 742 3042 Professorum
771 2972 876 3041 etiam
915 2969 1114 3065 frequentia
1150 2977 1185 3040 et
1215 2968 1452 3040 doctrinarum

288 3081 456 3154 varietate
476 3082 525 3154 ita
543 3082 715 3170 inclaruit,
744 3091 781 3153 ut
802 3081 1053 3154 celeberrimas
1076 3081 1169 3150 inter
1193 3079 1451 3151 Universitates

286 3201 542 3265 numeraretur.
573 3194 736 3290 Namque
764 3194 794 3265 si
821 3192 1016 3266 Parisiensi
1042 3191 1217 3262 Facultati
1243 3191 1451 3284 Theologiae

266 3357 268 3361 ψ
287 3313 390 3400 atque
408 3303 545 3376 Artium
560 3305 723 3399 palmam,
745 3305 820 3376 sine
840 3303 1092 3390 controversia,
1114 3303 1244 3392 cessit3
1267 3303 1298 3374 si
1314 3303 1453 3374 Monte-

287 3416 515 3510 pessulanam
528 3416 564 3486 in
578 3416 757 3489 Medicina
771 3417 879 3510 longo
897 3426 1031 3488 tantum
1041 3415 1224 3487 intervallo
1244 3423 1367 3487 secuta
1381 3424 1446 3502 est,

286 3528 499 3599 Tolosanam
528 3536 624 3600 certe
654 3537 688 3600 et
718 3527 1013 3601 Aurelianensem
1040 3527 1077 3597 in
1109 3525 1250 3620 legibus
1284 3527 1450 3622 aequavit.

288 3641 493 3735 Quanquam
516 3662 601 3711 vero
626 3640 705 3733 plus
724 3640 759 3711 in
782 3640 922 3734 legibus
941 3661 1045 3735 quam
1063 3639 1098 3709 in
1122 3638 1251 3709 ceteris
1274 3638 1453 3725 doctrina-

287 3773 364 3820 rum
400 3750 559 3843 partibus
594 3751 755 3845 profecit,
791 3752 877 3822 satis
908 3761 1026 3823 tamen
1054 3749 1179 3843 gloriae
1216 3772 1261 3821 ex
1293 3749 1454 3821 omnibus

288 3861 481 3956 disciplinis
497 3862 571 3933 suis
586 3863 788 3957 reportavit,
808 3863 1055 3936 utsecundum
1072 3863 1164 3932 inter
1178 3861 1265 3932 alias
1282 3861 1456 3934 obtineret

287 3973 416 4044 locum.
444 3973 555 4056 Quem
582 3974 742 4068 profecto
773 3974 931 4047 ordinem
959 3996 1068 4069 nemo
1089 3973 1122 4045 ei
1148 3995 1282 4068 negare
1309 3973 1448 4067 poterit,

289 4084 569 4156 animadvertere
584 4086 690 4157 modo
704 4085 785 4158 velit
801 4108 905 4182 quam
918 4085 1065 4179 egregie
1081 4093 1208 4156 conata
1224 4084 1268 4155 sit
1284 4107 1456 4157 summam

290 4195 448 4267 scientiae
470 4196 506 4266 in
525 4219 564 4268 se
584 4197 763 4290 colligere,
787 4207 822 4268 et
841 4220 959 4269 rerum
983 4196 1223 4268 docendarum
1246 4219 1317 4268 non
1340 4196 1455 4268 minus

289 4307 434 4378 utilitate
463 4329 567 4402 quam
594 4308 798 4380 diversitate
827 4308 1021 4402 discipulos
1050 4307 1205 4380 allicere.
1234 4307 1322 4390 Quae
1350 4331 1456 4404 quum

288 4419 336 4489 ita
363 4418 444 4506 sint,
474 4441 589 4514 neque
617 4419 859 4492 Avenionensi
886 4419 1118 4492 Universitati
1138 4419 1456 4508 debitamlaudem

289 4528 530 4618 invidebimus
550 4553 665 4626 neque
682 4531 790 4624 longo
806 4532 1010 4628 saepiusque
1026 4531 1164 4625 ingrato
1182 4530 1295 4602 labori
1310 4553 1455 4626 operam

331 4792 352 4848 t.
379 4789 424 4855 tiis
441 4790 531 4856 uerbis
547 4791 726 4878 designantur
742 4792 759 4848 ii
775 4793 820 4878 qui
832 4793 978 4859 Galliarum
995 4793 1065 4880 regis
1080 4801 1170 4879 partes
1185 4793 1323 4857 tenebunt.
