3676 5592
393 537 428 604 lo
734 547 969 598 uurvrnsrnarrs
990 544 1210 600 lusurounusrs

388 659 588 770 impertivit.
602 671 692 744 Eum
706 693 786 742 cum
802 669 898 763 Ripa
908 669 1119 742 Sannazario
1135 678 1316 764 comparat
1329 663 1553 742 Valladerius

386 788 442 862 his
457 785 601 858 verbis:
630 782 818 854 «loannes
844 782 888 852 de
912 781 1008 875 Ripa
1033 782 1303 877 quingentorum
1331 803 1552 853 nummorum

387 920 585 983 aureorum,
607 903 642 966 et
655 893 818 967 Andreas
836 891 995 964 Alciatus
1013 902 1260 965 sexcentorum
1276 893 1461 987 stipendio,
1482 893 1550 965 duo

384 1009 545 1083 homines
557 1005 756 1100 disparibus
769 1004 904 1090 studiis,
917 1005 1060 1076 etvalde
1070 1005 1219 1076 diversis
1231 1005 1322 1076 inter
1331 1028 1369 1076 se
1380 1004 1545 1092 moribus

384 1120 518 1194 naturis
551 1141 618 1214 qne
647 1116 823 1204 contrarii,
860 1115 918 1186 ille
950 1115 1076 1209 pusillo
1108 1125 1359 1211 contractoque
1386 1138 1546 1210 corpore,

382 1233 450 1304 iste
468 1231 587 1302 erecto
609 1226 822 1320 excelsoque
843 1233 877 1296 et
897 1225 1047 1320 quadam
1067 1224 1236 1317 dignitate
1270 1226 1464 1319 spectabili,
1492 1225 1549 1298 ille

376 1343 575 1416 acerrimus
585 1348 689 1434 atque
698 1337 932 1430 praefervidus
942 1336 1019 1406 etin
1030 1335 1281 1430 discipulorum
1294 1337 1543 1425 controversis,

382 1451 630 1549 scrupulisque
647 1447 746 1544 [suil]
765 1447 1095 1543 impatientissimus
1110 1470 1151 1519 ac
1166 1471 1269 1542 paene
1289 1470 1465 1542 praeceps
1481 1448 1548 1522 iste

379 1567 544 1644 intentus
577 1557 769 1645 consultus,
802 1568 971 1646 maturus,
999 1557 1186 1651 benignus
1212 1558 1374 1646 affabilis,
1400 1568 1545 1652 paratus

380 1679 425 1750 ad
455 1674 588 1762 omnia3
621 1671 679 1742 ille
714 1669 842 1741 clarior
873 1669 908 1740 in
930 1669 1221 1763 jurisprudentia,
1265 1670 1333 1740 iste
1361 1670 1486 1742 melior
1513 1684 1548 1742 et

378 1787 522 1884 probior
545 1784 580 1854 in
602 1782 689 1870 vita3
717 1779 774 1852 ille
798 1780 834 1850 in
860 1779 933 1851 suis
952 1780 1143 1868 codicibus,
1173 1781 1230 1876 qui
1246 1780 1382 1874 plurimi
1409 1789 1547 1853 exstant

350 1953 353 1960 .
379 1911 483 1996 atque
497 1892 736 1991 pulcherrimi,
752 1891 1087 1985 jurisconsultorum
1102 1892 1235 1986 primns
1249 1891 1460 1980 inscribitur,
1478 1892 1545 1964 iste

366 1999 449 2085 ¹tcto
464 2009 549 2082 orbe
568 2004 716 2078 eximius
729 2003 869 2097 injure,
891 2003 1080 2096 singularis
1099 2003 1310 2099 eloquentia,
1341 2026 1497 2075 summus
1510 2004 1545 2075 in

375 2122 525 2220 poetica,
554 2117 719 2213 princeps
742 2115 778 2186 in
802 2114 897 2186 omni
918 2103 1173 2186 humanissima
1202 2114 1387 2208 disciplina
1412 2115 1543 2208 praedi-

376 2246 476 2308 catur
481 2285 554 2304 .....
598 2228 644 2300 ad
680 2235 875 2298 extremum
915 2225 1086 2320 Ripensis
1129 2225 1333 2313 audaculus
1380 2225 1545 2298 Andreas

377 2343 584 2420 subtimidus
612 2348 647 2410 et
675 2337 896 2410 verecundus
921 2336 986 2408 fuit
1006 2337 1081 2409 :ita
1105 2337 1198 2409 enim
1222 2337 1346 2432 accepi
1364 2359 1386 2408 a
1403 2337 1544 2411 Juliano

375 2456 515 2542 Colirio,
553 2452 735 2545 utriusque
763 2448 948 2542 discipulo,
986 2449 1044 2544 qui
1073 2449 1157 2519 vivit
1186 2449 1312 2536 adhuc,
1345 2447 1537 2537 Andream,

376 2592 456 2643 cum
493 2565 651 2639 delectus
694 2569 792 2633 esset
825 2583 847 2632 a
876 2561 1016 2632 civitate
1062 2561 1107 2632 ad
1144 2559 1383 2654 perorandum
1424 2584 1543 2634 coram
1640 2555 1642 2564 ’

375 2677 559 2756 Cardinale
576 2673 773 2748 Sallusiano
790 2671 978 2766 adAnglos
992 2693 1013 2743 a
1025 2695 1161 2744 summo
1174 2671 1345 2744 Pontifice
1361 2672 1539 2766 delegato,

376 2795 427 2866 sic
440 2792 476 2862 in
487 2798 645 2861 extrema
659 2784 795 2879 porticu
816 2784 861 2855 ad
869 2782 967 2855 fores
980 2783 1130 2854 mirandi
1142 2782 1293 2855 cubiculi
1308 2783 1543 2854 exanimatum

373 2905 485 2978 fuisse
502 2901 538 2971 in
555 2895 727 2993 principio
741 2895 890 2982 dicendi,
912 2902 950 2964 ut
958 2895 1214 2982 exalbesceret,
1228 2893 1404 2981 titubaret,
1428 2893 1542 2966 effuse

349 3015 518 3090 ¹sudaret
547 3020 582 3083 et
607 3031 671 3103 per
705 3007 934 3104 quadrantem
969 3005 1069 3077 horae
1102 3005 1241 3100 penitus
1281 3004 1542 3078 obmutesceret

375 3129 534 3222 adeoque
552 3126 797 3206 contremeret,
819 3126 856 3188 ut
867 3116 1031 3190 Julianus
1046 3117 1135 3214 ipse,
1157 3117 1297 3212 quitum
1308 3138 1412 3210 paene
1427 3117 1541 3210 ipsum

374 3235 610 3330 contingebat,
639 3231 754 3338 ipsam
770 3229 925 3302 Andreae
954 3238 1090 3300 vestem
1118 3227 1332 3300 commoveri
1363 3251 1408 3299 ex
1434 3229 1541 3301 totins

373 3345 534 3441 corporis
575 3348 672 3412 motu
705 3336 862 3424 sentiret,
906 3345 1033 3430 postea
1074 3345 1203 3426 tamen,
1251 3357 1330 3406 cum
1368 3336 1540 3408 erraticos

371 3461 563 3554 lapsosque
579 3451 721 3548 spiritns
736 3457 954 3536 revocasset,
974 3447 1023 3520 ita
1040 3447 1183 3534 dixisse,
1204 3454 1241 3517 ut
1261 3469 1384 3518 omnes
1405 3469 1541 3520 summa

373 3567 602 3644 admiratione
635 3560 800 3655 suspensi
831 3561 1161 3654 obstupescerent¹.
1189 3559 1385 3630 »Andreae
1411 3558 1540 3632 Alciati

371 3681 555 3770 Avenipne
603 3685 676 3746 tum
712 3693 850 3769 quoque
893 3670 1041 3742 aemulus
1077 3670 1141 3741 fuit
1176 3669 1211 3742 in
1245 3669 1400 3765 publico
1420 3670 1540 3764 legum

372 3792 543 3868 auditorio
556 3786 729 3860 Antonius
745 3785 788 3855 de
805 3783 941 3870 Castro,
958 3783 1011 3852 vir
1023 3781 1074 3853 ud
1088 3781 1208 3866 omniu
1221 3789 1343 3866 uetus,
1359 3781 1427 3878 qui,
1445 3783 1541 3855 circa

371 3926 501 3978 annum
527 3899 630 3985 1520,
660 3919 702 3968 eo
730 3895 892 3988 superior
919 3893 1041 3981 evasit,
1071 3903 1106 3964 et
1131 3893 1358 3965 Primicerius
1382 3893 1538 3966 etVice-

361 4037 519 4112 -gerenS,
573 4008 691 4082 omnia
735 4005 943 4099 dignitatum
983 4004 1102 4075 munia
1148 4004 1297 4076 honeste
1332 4004 1489 4098 implevit
1511 4016 1536 4077 ².

370 4128 442 4201 Sub
456 4126 550 4197 idem
572 4123 648 4194 fere
670 4129 809 4213 tempus
833 4118 963 4189 Petrus
979 4115 1161 4188 Gerardus
1178 4115 1360 4187 d'Aubres
1380 4126 1415 4188 et
1427 4116 1538 4188 Boni-

367 4239 482 4316 facius
517 4236 561 4310 de
601 4231 820 4308 Garronibus
860 4251 987 4302 novam
1015 4227 1113 4323 genti
1142 4250 1218 4301 suae
1250 4227 1391 4316 famam,
1409 4265 1416 4274 ·
1431 4251 1537 4326 quum

319 4523 322 4532 ’
404 4543 429 4593 l.
443 4534 572 4602 Vannio„
586 4535 665 4597 ibid,
681 4534 777 4590 bibl.
1359 4565 1364 4578 ·

401 4626 428 4680 ἢ.
444 4623 610 4690 Capacem,
627 4621 695 4678 totu.
709 4651 744 4663 -
760 4619 885 4690 laurent,
912 4625 933 4676 t.
949 4615 971 4686 l,
984 4635 1011 4691 p.
1033 4616 1078 4685 Sl,
1093 4618 1137 4676 ³6.
1152 4646 1186 4664 -··
1200 4615 1283 4677 Caua.
1312 4614 1406 4684 lecu,
1418 4613 1485 4676 tutu.
1503 4643 1535 4662 -

366 4708 501 4780 Fnansor,
517 4707 586 4766 totu.
601 4736 635 4750 -
650 4705 739 4772 Bana,
750 4708 826 4764 Dici.
