3686 5590
423 427 461 502 98
771 453 1008 508 uurvnnsmarts
1029 451 1248 508 uvnmounusrs

422 577 627 650 deficientes
651 579 764 650 saeviit
784 580 1016 669 Universitas,
1043 579 1225 652 sedetiam
1243 580 1336 652 omni
1355 601 1421 674 ope
1441 587 1475 651 et
1493 573 1585 658 nisu,

423 687 480 759 vel
507 690 668 782 pecunia,
698 691 822 762 ducem
855 692 981 762 summi
1003 691 1185 764 Pontificis
1217 691 1593 764 Franciscum-Fabri-

423 799 515 875 cium
529 799 734 872 Serbelloot'
751 803 923 874 adversus
942 803 1133 875 haereticos
1148 803 1280 897 adjuvit
1294 815 1317 875 ¹.

471 910 692 984 Universitas
717 936 893 1008 nunquam
920 914 1090 1007 deinceps
1117 936 1138 985 a
1162 912 1328 984 fidelitate
1358 913 1394 983 in
1419 933 1593 984 summum

422 1021 631 1094 Pontificem
647 1033 682 1095 et
704 1025 747 1096 ab
764 1024 982 1096 orthodoxia
1006 1024 1150 1096 destitit.
1174 1022 1399 1111 Ann01650,
1421 1023 1537 1094 statim
1553 1033 1592 1093 ut

422 1133 615 1206 audivisset
633 1135 826 1207 calumnias
843 1135 1013 1231 quasdam
1029 1136 1073 1206 de
1087 1135 1264 1206 docilitate
1282 1158 1346 1206 sua
1360 1134 1406 1206 ad
1419 1155 1593 1206 summum

422 1243 632 1317 Pontificem
643 1246 779 1319 delatas
791 1247 915 1334 fuisse,
931 1247 1088 1318 decrevit
1098 1246 1256 1317 nuntium
1271 1247 1423 1318 Romam
1436 1247 1586 1332 mittere,

422 1356 480 1451 qui
506 1357 642 1452 Papam
672 1357 716 1429 de
736 1358 1056 1454 obsequentissima
1086 1380 1150 1429 sua
1172 1357 1401 1429 veneratione
1428 1367 1463 1428 et
1486 1357 1594 1428 devo-

421 1466 516 1537 tione
533 1467 720 1539 certiorem
734 1468 871 1540 faceret
889 1479 913 1538 ².
940 1468 1067 1564 Neque
1084 1468 1202 1539 odium
1216 1467 1252 1538 in
1266 1465 1434 1538 haeresim
1458 1489 1592 1561 posue-

393 1584 490 1674 Arat.
518 1575 668 1666 Etenim,
703 1602 794 1650 anno
829 1578 932 1667 1657,
971 1602 1094 1650 omnes
1126 1577 1291 1650 doctores
1321 1577 1593 1649 Avenionenses

417 1688 678 1782 jusjurandum,
703 1691 853 1784 genibus
874 1689 988 1777 flexis,
1017 1689 1224 1761 Primicerio
1244 1689 1427 1778 dederunt,
1453 1712 1492 1760 se
1514 1689 1594 1760 dili-

423 1807 559 1892 genter,
580 1801 832 1873 observaturos
861 1801 1038 1897 quidquid,
1059 1800 1231 1872 adversus
1258 1800 1411 1872 Cornelii
1432 1801 1453 1870 J
1457 1799 1596 1872 arsenii

424 1910 576 2006 quinque
610 1912 873 2006 propositiones
900 1913 936 1983 in
963 1911 1067 1984 bullis
1094 1912 1289 1983 Innocentii
1315 1913 1359 1982 X·
1374 1920 1408 1982 et
1433 1911 1592 1983 Alexan-

422 2021 475 2092 dri
491 2022 572 2110 Vll,
595 2023 887 2117 pronuntiabatur
905 2023 930 2094 ³.
957 2025 1080 2118 Itaque
1107 2045 1199 2094 anno
1226 2023 1329 2110 1718,
1360 2045 1466 2117 quum
1491 2031 1594 2116 pater

422 2131 581 2217 Borbot,
615 2134 850 2228 philosophiae
881 2155 1025 2228 regens,
1059 2134 1096 2204 in
1124 2133 1427 2228 congratulatione
1456 2134 1595 2205 recenti

423 2244 563 2316 cuidam
580 2245 717 2318 doctori
730 2246 836 2332 facta,
855 2245 925 2318 hoc
946 2245 1147 2340 praesertim
1160 2245 1284 2339 juveni
1300 2245 1396 2317 laudi
1410 2245 1588 2332 vertisset,

425 2355 519 2452 quod
544 2357 639 2450 apud
662 2358 789 2429 Patres
815 2355 967 2429 Oratorii
993 2357 1127 2428 ordinis
1149 2357 1382 2450 Theologiam
1403 2377 1468 2451 per
1490 2357 1594 2428 bieu-

424 2467 520 2538 nium
545 2466 691 2540 Arelate
723 2465 917 2556 didicisset,
946 2468 1174 2541 Primicerius
1211 2468 1593 2540 Michael-Dominicus

425 2577 469 2651 de
512 2577 649 2652 Garcin
685 2577 870 2652 audaciam
901 2579 1118 2674 professoris
1153 2567 1337 2673 increpuit,
1375 2580 1434 2676 qui
1470 2588 1593 2674 patres

422 2690 528 2763 bullae
561 2689 771 2786 Uoipeoitus
799 2692 994 2786 oppositos,
1018 2691 1169 2786 ideoque
1199 2691 1533 2780 excommunicatos,
1557 2692 1594 2762 in

426 2802 584 2888 oratione
601 2823 665 2874 sua
682 2801 864 2874 nominare
879 2825 988 2874 ausus
1005 2813 1114 2874 esset.
1135 2802 1228 2874 Hinc
1243 2811 1366 2875 exorta
1384 2803 1562 2888 contentio
1583 2826 1590 2874 :

425 2913 749 2986 excommunicatos
767 2915 923 2986 nondum
941 2936 1023 2986 esse
1033 2913 1217 2984 habendos
1236 2914 1324 3009 quia
1339 2937 1475 2985 summo
1495 2914 1594 2985 Pon-

424 3025 518 3097 tifice
540 3023 586 3096 ad
600 3023 793 3097 Concilium
813 3025 973 3120 proxime
991 3025 1146 3096 futurum
1164 3025 1467 3118 provocavissent,
1489 3034 1595 3118 pater

424 3135 571 3209 Borbot
578 3137 807 3230 pertinaciter
817 3137 982 3210 asseruit.
993 3137 1241 3233 Nequidquam
1252 3159 1291 3208 se
1301 3137 1597 3240 retractationem

426 3256 631 3321 exacturum
649 3247 877 3321 Primicerius
892 3249 1044 3320 minatus
1060 3257 1128 3320 est.
1146 3249 1228 3320 Non
1243 3249 1347 3320 modo
1364 3249 1488 3318 institit
1506 3271 1592 3342 pro-

423 3360 554 3437 fessor,
585 3357 649 3430 sed
672 3359 803 3431 dictum
826 3360 1020 3432 rationibus
1046 3359 1136 3430 tueri
1163 3368 1310 3431 conatus
1338 3369 1393 3430 est
1421 3385 1429 3432 :
1462 3361 1593 3455 quippe

425 3469 484 3567 qui
508 3469 694 3564 epistolam
720 3469 926 3541 Pastorolis
949 3469 1074 3564 offleii,
1097 3478 1219 3541 contra
1241 3471 1466 3543 adversarios
1484 3471 1593 3542 bullae

426 3579 604 3677 scriptam,
636 3581 937 3653 comminatoriam
963 3582 1201 3653 tantummodo
1231 3605 1324 3670 esse,
1359 3584 1593 3678 eamdemque

424 3693 468 3766 ab
485 3692 754 3786 archiepiscopo
764 3715 879 3789 neque
893 3701 1016 3780 ratam,
1036 3715 1150 3788 neque
1164 3694 1434 3787 promulgatam,
1451 3695 1595 3765 minime

338 3831 340 3835 ·
424 3803 543 3878 valere
559 3805 763 3876 affirmaret.
784 3805 1020 3887 Quamobrem
1035 3805 1276 3893 Primicerius,
1295 3807 1484 3901 postquam
1499 3804 1595 3898 Ave-

423 3915 538 3990 nionis
555 3915 784 4009 Prolegatum
800 3925 904 4012 atque
923 3915 1227 4009 archiepiscopum
1242 3919 1464 4010 praemonuit,
1492 3915 1593 3988 Patri

422 4029 568 4102 Borbat
589 4029 683 4100 omni
700 4028 856 4100 doctoris
874 4028 991 4100 officio
1014 4027 1191 4098 interdixit
1208 4028 1321 4099 donec
1341 4029 1480 4122 publice
1496 4029 1593 4100 dicta

420 4141 676 4214 revocavisset.
708 4140 780 4212 Sed
802 4140 914 4212 sancti
938 4139 1045 4213 officii
1068 4139 1204 4211 romani
1224 4161 1363 4212 sacram
1387 4161 1592 4236 congrega-

456 4431 480 4484 l.
501 4423 641 4494 Tursstna,
656 4426 737 4496 ibid,
754 4442 781 4500 p.
802 4426 861 4483 tlt.

454 4519 480 4572 a.
496 4517 577 4570 unco.
596 4515 720 4584 ddum„
736 4521 756 4570 t.
770 4512 795 4578 1;
809 4517 895 4574 Htst„
912 4511 934 4567 t'⁰
951 4515 1008 4569 198ὁ
1027 4545 1058 4558 -
1074 4514 1158 4575 Mdm.
1174 4527 1226 4573 sur
1244 4517 1359 4590 zunta,
1375 4518 1398 4578 fo
1422 4521 1480 4580 143,

455 4603 481 4659 θ.
497 4602 584 4659 Mem·
598 4605 651 4656 sur
664 4596 767 4657 l’Uniu.
783 4599 905 4674 d’Aulq.,
921 4601 987 4656 told.
