3686 5590
706 572 868 620 ursrorucn
889 571 1101 620 normannum.
1444 553 1480 618 75

323 693 432 790 Cujus
447 691 660 766 fundationis
674 693 816 766 laudem
832 695 862 766 si
883 717 953 767 nou
977 693 1127 783 omnine,
1150 702 1186 766 ut
1205 693 1345 791 quidam
1360 691 1480 766 existi-

322 815 427 895 mant,
451 807 604 878 Martino
619 806 654 876 V
678 806 911 894 referendam,
941 807 1110 878 ambobus
1138 814 1234 878 certe
1261 829 1481 878 communem

323 941 404 990 esse
423 918 641 1006 arbitramur,
664 941 769 1012 quum
784 918 957 989 Martinus
976 917 1152 990 difficilem
1175 918 1376 990 testamenti
1393 916 1479 988 Gar·-

323 1029 447 1102 dinalis
472 1030 516 1100 de
539 1029 726 1116 Broniac0,
758 1029 1021 1100 exsecutionem
1049 1031 1193 1101 multum
1219 1029 1401 1124 adjtrverit,
1431 1037 1476 1116 et,

323 1141 403 1212 dato
421 1141 457 1212 in
478 1141 666 1233 collegium
688 1141 961 1212 Benedictorum
983 1141 1196 1212 monasterio
1216 1165 1295 1213 cum
1313 1139 1475 1226 ecclesia,

324 1252 542 1324 studentibus
558 1275 696 1347 quoque
715 1251 849 1323 alendis
865 1252 1040 1346 prioratus
1059 1253 1205 1324 Bolenae
1224 1253 1369 1338 fructus
1390 1273 1481 1322 anno

327 1363 430 1452 1431,
458 1363 693 1458 assignaverit
710 1373 733 1434 ¹.
755 1363 897 1458 Aliquot
919 1372 999 1456 post
1022 1364 1132 1451 aunis,
1161 1364 1322 1435 Julianus
1346 1363 1389 1433 de
1408 1362 1483 1433 Ru-

324 1497 407 1545 vere
427 1475 567 1546 tertium
588 1473 774 1567 collegium
792 1475 946 1545 condidit
969 1498 1060 1546 anno
1088 1475 1190 1562 1470,
1213 1475 1249 1545 in
1271 1498 1338 1570 quo
1364 1496 1427 1545 sex
1448 1481 1483 1544 et

251 1585 257 1596 ‘
323 1585 466 1678 triginta
475 1586 638 1678 juvenes,
660 1609 764 1680 quum
783 1585 961 1673 Caesareo
981 1597 1053 1656 tum
1068 1586 1252 1657 Pontificio
1266 1586 1337 1679 juri
1352 1585 1484 1656 incum-

324 1697 448 1767 berent
464 1706 488 1766 ².
509 1696 648 1767 Novum
669 1696 855 1788 collegium
872 1697 915 1767 de
930 1697 1073 1768 Ruvere
1096 1719 1116 1768 a
1139 1697 1329 1768 conditoris
1344 1695 1483 1767 nomine

326 1807 465 1894 dictum,
488 1807 736 1877 Rioberauciae
753 1806 863 1901 feudo
879 1830 899 1878 a
915 1807 936 1877 J
939 1808 1054 1878 uliano
1077 1808 1142 1878 fuit
1156 1809 1320 1878 donatum
1336 1807 1361 1878 ³.
1380 1806 1482 1877 Auno

329 1917 431 2005 1183,
454 1917 475 1986 J
479 1939 612 1989 oannes
630 1917 799 1988 lsuardus
816 1918 936 2010 logum
951 1919 1074 1990 doctor
1090 1919 1126 1989 in
1141 1919 1377 1989 Universitate
1391 1916 1484 1988 Ave-

326 2029 487 2100 nionensi
498 2028 817 2100 Sancti-Michaelis
830 2029 1016 2121 collegium
1032 2030 1143 2100 erexit
1157 2037 1362 2100 sextantum
1374 2029 1483 2100 civilis

322 2141 413 2236 juris
436 2139 616 2232 discipulis
639 2137 665 2210 ¹¹.
695 2139 858 2220 Quintum
878 2141 983 2232 paulo
1008 2149 1099 2233 post,
1129 2163 1220 2212 anno
1249 2141 1352 2226 1491,
1376 2140 1483 2212 colle-

326 2253 422 2346 gium
442 2273 590 2346 quoque,
617 2251 660 2322 de
687 2250 840 2322 Sinauca
865 2252 1003 2338 dictum,
1031 2252 1177 2323 instituit
1197 2251 1355 2323 loannes
1373 2250 1484 2322 Gasa-

288 2355 292 2364 ’
324 2365 427 2450 letus,
461 2363 571 2433 abbas
597 2363 802 2432 monasterii
833 2371 966 2434 sanctae
992 2363 1118 2434 Mariae
1147 2365 1190 2434 de
1222 2363 1384 2450 Sinanca‚
1421 2385 1484 2433 sex

324 2483 457 2546 tautum
473 2497 492 2544 e
507 2473 638 2544 familia
654 2472 851 2544 cisteriensi
869 2475 1062 2561 monachis,
1084 2475 1141 2569 qui
1156 2475 1308 2546 decretis
1329 2483 1364 2544 et
1381 2474 1483 2545 theo-

322 2586 429 2678 logiae
451 2583 668 2655 studerent⁵.
690 2584 819 2656 Saeculi
844 2575 1022 2680 sequentis
1038 2585 1134 2656 initio
1155 2585 1361 2656 Guillelmus
1383 2585 1485 2656 Riccc'

326 2705 462 2768 sextum
487 2696 673 2788 collegium
694 2683 862 2782 fundavit,
895 2718 985 2767 anno
1018 2695 1120 2783 1500,
1154 2705 1189 2767 et
1216 2697 1401 2767 duodecim
1428 2697 1484 2767 vel

325 2809 448 2878 decem
471 2807 700 2892 studentibus,
725 2806 831 2900 quiin
849 2829 891 2877 eo
912 2806 985 2899 juri
1010 2807 1101 2877 civili
1126 2817 1160 2877 ct
1184 2807 1335 2878 decretis
1352 2807 1485 2878 incum-

323 2921 457 3006 berent,
490 2941 560 2988 non
587 2919 691 2989 modo
719 2917 860 2988 domum
889 2941 988 2988 suam
1016 2926 1051 2988 ct
1076 2941 1227 2990 annuam
1255 2919 1484 2989 ducentorum

323 3031 537 3101 florenorum
561 3029 746 3122 pecuniam
777 3039 856 3099 cu'm
885 3029 980 3122 agris
1013 3037 1048 3100 et
1074 3029 1184 3100 vineis
1213 3031 1420 3126 quibusdam
1449 3031 1484 3100 in

322 3140 566 3214 Aveuionensi
579 3141 754 3212 territorio
771 3141 857 3228 sitis,
879 3141 943 3211 sed
961 3141 1065 3212 etiam
1078 3141 1326 3213 bibliothecam
1344 3151 1484 3234 centum

323 3252 555 3324 voluminibus
584 3259 803 3322 constantem
839 3260 874 3322 et
902 3252 1070 3323 sacellum
1100 3253 1212 3324 sacris
1241 3261 1345 3348 atque
1378 3276 1483 3325 orua-

323 3364 449 3435 mentis
474 3363 682 3434 instructum
709 3362 860 3457 reliquit.
893 3362 1034 3434 (iuravit
1061 3387 1199 3459 quoque
1224 3372 1261 3434 ut
1286 3364 1478 3452 studentes,

326 3499 407 3547 sese
422 3475 527 3546 etiam
548 3473 724 3560 defuncto,
753 3474 844 3544 inter
859 3481 1030 3566 cognatos
1060 3498 1155 3562 suos
1176 3476 1206 3546 si
1230 3475 1369 3570 quidam
1393 3475 1484 3548 forte

325 3594 455 3674 essent,
473 3586 530 3656 vel
539 3585 629 3655 inter
638 3585 772 3655 incolas
788 3585 985 3656 Provinciae
995 3584 1214 3657 Arelatensis
1229 3586 1443 3678 eligerentur
1456 3587 1481 3659 ⁶.

326 3698 518 3791 Septimum
559 3703 676 3767 autem
717 3695 904 3788 collegium
941 3696 1187 3767 Universitatis
1223 3697 1481 3770 Aveuionensis

324 3807 625 3901 Montis-Majoris
660 3807 912 3877 monachorum
937 3807 1011 3897 fuit,
1044 3807 1321 3902 antiquissimum
1348 3833 1356 3880 :
1391 3812 1483 3905 quod

361 4040 385 4088 1.
403 4033 485 4089 Coun.
511 4052 545 4089 na
567 4034 660 4102 Vnum,
681 4037 797 4090 1001.-
816 4033 955 4104 Trussmn,
976 4038 1052 4089 Hist.
1078 4053 1120 4088 ms
1143 4035 1177 4088 de
1199 4037 1230 4088 la
1252 4037 1316 4088 ville
1338 4036 1480 4104 d'Aotpn,

325 4129 342 4174 l·
357 4119 486 4261 110οΑ00.
505 4221 539 4258 nn
554 4204 645 4274 Vnum,
672 4215 692 4262 t.
717 4205 751 4274 ll,
774 4204 796 4260 1ο
820 4205 881 4260 110.
897 4234 928 4245 -
945 4203 1115 4270 Cannoousr,
1131 4208 1205 4258 Noe.
1222 4206 1295 4274 disq.
1312 4208 1377 4274 leg..
1399 4206 1477 4266 ibid„

1426 4296 1435 4322 1

324 4306 351 4360 Ρ,
359 4291 483 4428 31001111
498 4389 531 4428 na
545 4373 636 4444 Vnum,
654 4377 721 4431 told.
737 4406 772 4416 —
788 4374 885 4430 Postea
902 4375 1002 4430 loliani
1017 4374 1141 4433 fundatio
1154 4389 1170 4431 a
1184 4372 1275 4434 Leone
1287 4373 1309 4427 ll
1323 4365 1482 4430 confirmata

324 4457 375 4513 fuit
390 4457 538 4530 (Turssmn,
555 4461 633 4520 ibid„
649 4466 670 4513 t.
687 4459 720 4524 ll,
738 4457 760 4512 fo
779 4458 848 4529 103).

360 4546 387 4598 4.
405 4543 485 4598 Caua.
500 4560 535 4598 nn
549 4543 640 4612 Vrion,
658 4546 725 4600 ibid.
738 4574 773 4584 -
786 4543 952 4613 Consecuta,
968 4545 1036 4601 ibid.

361 4629 387 4682 5.
404 4630 476 4684 Ibid.

360 4717 386 4770 6.
402 4713 485 4776 Ceus,
502 4729 536 4768 or
548 4712 641 4784 Vrec„
658 4714 736 4776 ibid„
754 4711 849 4774 0141.
