3676 5592
334 571 337 578 .
404 505 442 576 42
508 519 510 524 ’
749 531 984 576 unvvunsmarrs
1005 497 1224 576 avenionensis

402 647 486 720 lium
501 645 672 722 bellorum
688 657 858 745 tempore,
880 649 910 720 si
926 671 996 721 non
1015 649 1155 720 omuino
1173 649 1266 721 siluit
1286 659 1307 739 ¹,
1328 653 1568 747 eerte'paulis-

402 783 467 854 per
481 762 601 833 tacuit.
624 763 765 834 Paucos
786 762 877 832 enim
892 771 964 831 tum
982 759 1165 832 Avenioue
1181 761 1377 854 reperimus
1393 764 1562 852 medicos.

352 1033 355 1040 ·
403 985 543 1082 copiari
558 985 814 1081 empiricorum
827 991 862 1054 et
876 983 1112 1080 impostorum
1127 983 1165 1054 io
1183 985 1251 1057 bac
1268 984 1413 1057 civitate
1424 986 1568 1084 inpane

403 1095 614 1193 oapaatiam
629 1121 668 1185 »;
691 1118 838 1192 quorum
853 1117 999 1166 numero
1019 1095 1109 1166 adeo
1129 1095 1350 1167 minuebatur
1372 1127 1388 1163 a
1407 1099 1568 1170 aactori-

404 1220 458 1282 tas
478 1219 514 1281 et
537 1208 725 1282 celebritas
743 1207 895 1301 antiqaa
919 1205 1107 1278 medicinae
1115 1207 1418 1302 professorum»,
1436 1220 1473 1281 ut
1493 1211 1569 1304 plu-

362 1337 364 1342 ·
401 1322 479 1393 rimi
490 1321 765 1413 dedignarentur
780 1319 963 1390 doctorum
977 1317 1135 1390 lauream
1154 1318 1189 1388 in
1204 1317 1399 1392 Academia
1412 1321 1568 1394 Avenio-

402 1433 504 1506 nensi
541 1433 737 1525 suscipere.
776 1431 862 1502 Inde
904 1452 1071 1523 magnum
1109 1429 1338 1502 Universitati
1370 1441 1404 1503 et
1439 1433 1568 1506 civitati

403 1545 658 1632 detrimentum,
684 1566 789 1638 quum
818 1571 835 1607 a
859 1542 1101 1616 emolumenta
1119 1541 1176 1614 bic
1199 1565 1376 1614 marasara
1403 1544 1453 1616 ad
1477 1545 1568 1617 alias

401 1655 621 1729 Academias
661 1685 678 1721 o
720 1662 975 1727 averterentur.
1019 1652 1195 1725 (laverunt
1233 1655 1398 1726 doctores
1441 1657 1568 1728 medici

402 1767 589 1861 aggregati
610 1790 654 1838 ne
680 1766 808 1838 diutius
835 1765 1058 1836 Universitas
1083 1765 1189 1844 tantis
1214 1765 1446 1838 incommodis
1471 1777 1568 1839 esset

402 1879 566 1952 obnoxia.
589 1878 691 1950 Anno
717 1877 808 1949 1577
830 1877 932 1969 leges
958 1884 1165 1963 statuerunt,
1191 1877 1315 1971 quibus
1345 1907 1362 1943 «
1383 1878 1568 1950 Pharaia-

401 1991 547 2087 copoloe,
580 1988 789 2084 chirarqici,
821 1997 995 2070 tonsores,
1026 1986 1167 2083 aliptes,
1194 1997 1419 2072 retractares,
1450 1989 1567 2064 obste-

404 2102 523 2184 trices,
556 2123 745 2194 oraaesqae
775 2099 963 2195 empiricia
991 2098 1176 2170 Medicina
1206 2100 1377 2194 facienda
1397 2131 1413 2167 »
1446 2103 1581 2196 prohi-¹

401 2214 581 2285 berentur.
607 2211 699 2283 Solis
718 2211 921 2283 doctoribus
939 2211 974 2281 iu
998 2211 1173 2282 medicina
1194 2213 1400 2305 aggregatis
1421 2213 1476 2284 fas
1493 2223 1568 2286 erat

403 2323 592 2417 chirurgiae
627 2333 738 2396 artem
771 2323 910 2417 publice
944 2321 1102 2416 profiteri
1131 2331 1166 2393 et
1197 2323 1388 2417 discipulos
1422 2326 1564 2397 docere.

402 2435 569 2508 Hebraeis
592 2435 789 2528 negabatur
813 2433 998 2505 medicinae
1025 2434 1237 2505 exercendae
1268 2435 1430 2524 facultas,
1458 2437 1526 2507 nisi
1548 2459 1569 2509 a

403 2570 538 2619 summo
565 2545 738 2618 Pontifice
765 2545 822 2617 vel
853 2545 989 2637 Legata
1017 2543 1196 2616 licentiam
1222 2545 1292 2638 ipsi
1319 2546 1562 2635 obtinuissent,

402 2669 507 2756 atque
518 2658 750 2731 eruditionem
762 2657 994 2751 peritiamque
1010 2678 1131 2728 coram
1145 2657 1349 2760 doctoribus
1361 2660 1566 2752 aggregatis

402 2771 542 2866 publice
582 2770 796 2864 probassent
830 2779 854 2839 ².
888 2768 955 2838 His
995 2776 1160 2861 reparata
1189 2767 1330 2860 legibus
1366 2777 1401 2840 et
1432 2769 1567 2842 firmata

403 2881 592 2952 Medicinae
607 2879 774 2952 Facultas
790 2878 969 2973 paululum
985 2879 1101 2949 statim
1116 2879 1320 2967 resurrexit,
1351 2904 1455 2976 quum
1478 2880 1569 2952 inter

406 2994 570 3064 doctores
599 2991 801 3063 admisisset
824 2990 1015 3061 Antonium
1040 2989 1190 3073 Fiaact,
1221 2991 1332 3061 virum
1360 3014 1429 3063 non
1458 2992 1571 3063 minus

407 3105 576 3191 doctrina,
623 3125 726 3198 quam
762 3102 868 3173 nobili
904 3102 986 3173 vitae
1020 3102 1183 3195 impensa
1216 3111 1349 3174 notum.
1391 3105 1426 3174 Is
1461 3105 1566 3191 enim,

406 3224 593 3310 postquam
607 3213 858 3285 celeberrimos
874 3213 1202 3306 Montepessulanae
1217 3211 1422 3286 Academiae
1443 3215 1573 3308 magis-

407 3337 481 3398 tros
496 3327 554 3397 diu
565 3325 973 3410 audiverat,medicinam
985 3324 1389 3419 Carpentoractimagna
1399 3349 1479 3397 cum
1488 3327 1573 3398 invi-

407 3439 465 3510 dia
484 3437 689 3509 aemulorum
704 3437 875 3537 exercuit,
898 3436 1036 3533 quasin
1052 3436 1170 3523 satira,
1194 3436 1251 3506 cui
1265 3437 1385 3510 titulus
1399 3437 1572 3534 Platopo-

410 3548 564 3644 dolopio,
586 3547 798 3619 deridendos
819 3547 1031 3642 propinavit.
1056 3547 1225 3619 Arelaten
1250 3547 1376 3620 deiude
1395 3549 1567 3643 migravit,

408 3661 525 3758 ibique
550 3669 661 3732 artem
684 3659 866 3732 factitavit.
890 3660 990 3731 Bene
1004 3659 1040 3730 in
1054 3659 1177 3753 primis
1198 3660 1242 3731 de
1264 3659 1571 3734 Aveniouensibus

407 3771 618 3870 promeritus
645 3779 711 3859 est,
747 3793 911 3868 namque,
942 3793 1034 3843 anuo
1067 3769 1170 3859 1580,
1204 3771 1334 3844 civitati
1361 3772 1572 3866 gravissima

444 4095 470 4147 1.
495 4091 573 4150 Certe
596 4109 652 4151 non
674 4096 788 4151 omnino
809 4094 885 4150 siluit
898 4091 1043 4150 Medicina
1066 4089 1214 4146 Facultas:
1238 4086 1341 4144 etenim
1369 4086 1525 4144 nominatur
1544 4089 1572 4141 in

409 4177 486 4234 bulla
504 4177 651 4236 Clementis
666 4179 722 4249 Vll,
745 4195 818 4252 anno
840 4181 906 4233 1531
924 4179 998 4240 data,
1021 4182 1049 4231 et
1067 4175 1096 4230 in
1112 4174 1184 4229 libro
1199 4173 1411 4230 conclusionum
1431 4169 1573 4228 Universi·

411 4263 474 4320 tatis
493 4264 702 4329 avenionensis,
722 4265 750 4320 in
773 4280 828 4337 quo
843 4265 961 4338 legimus
978 4260 1131 4316 danaidum
1147 4258 1324 4314 Guillelmnm
1339 4259 1367 4311 in
1384 4257 1474 4314 locum
1490 4259 1574 4328 patris

410 4348 648 4406 suffectumluisse
662 4350 806 4406 medicinae
817 4349 1001 4422 protessorem
1017 4346 1060 4402 vel
1076 4350 1227 4414 tepentem
1237 4361 1302 4397 oum
1317 4343 1468 4413 stipendiis
1480 4344 1573 4396 solitis

410 4439 602 4496 etoonsaetts,
621 4451 695 4491 anno
708 4439 773 4490 tam
788 4443 816 4490 et
828 4436 930 4490 dietae
945 4430 1009 4486 maii
1025 4429 1137 4486 mensis
1156 4431 1251 4497 (Unio.
1267 4429 1391 4498 ditata„
1409 4435 1428 4482 t.
1446 4426 1467 4495 l;
1484 4429 1571 4484 Hist..

409 4519 432 4573 fo
446 4521 490 4573 5².
506 4550 540 4560 -
552 4524 630 4574 Ball.
647 4524 732 4575 Cinit.
748 4527 848 4581 Aoeo„
867 4537 894 4591 p.
912 4523 956 4573 76.

446 4607 472 4658 2.
493 4604 597 4667 statuta
611 4605 877 4670 medicorumuven.
893 4621 937 4665 an.
956 4605 1032 4662 1577.
1052 4595 1145 4674 (Uota
1169 4602 1292 4672 deniq„
1309 4606 1328 4653 t.
1344 4598 1368 4664 1;
1384 4602 1470 4658 Hist„
1488 4596 1509 4655 t⁰
1525 4595 1573 4652 {55

412 4700 439 4749 et
458 4690 528 4763 156.)
1225 4718 1232 4730 ·
