3686 5590
407 507 444 574 ta
750 527 985 575 urnvnnsrrurrs
1007 526 1225 576 avenionensis

409 659 513 724 antea
529 649 663 740 civitas,
680 649 733 724 sui
739 649 815 746 jam
826 673 895 724 non
908 648 1133 746 capaxlatius
1141 650 1297 746 produci,
1318 649 1397 724 etin
1408 667 1569 746 campum

306 781 307 784 ’
410 764 629 836 descendere
645 765 793 858 coeperit
809 774 832 835 ¹.
849 765 968 837 Nobili
984 765 1089 836 etiam
1104 765 1360 859 episcoporum,
1376 764 1570 858 principum

408 884 513 971 atque
539 877 792 969 imperatorum
818 877 971 970 hospitio
999 877 1170 964 inclaruit,
1203 901 1291 972 qnos
1327 877 1372 949 ad
1399 898 1571 948 summum

410 988 619 1060 Pontificem
643 996 702 1060 aut
730 988 868 1060 debitus
893 989 1003 1082 Papae
1026 988 1151 1075 honos,
1178 999 1238 1060 aut
1258 997 1400 1082 sperata
1417 986 1565 1082 justitia,

359 1091 362 1100 “
411 1108 471 1171 aut
502 1108 725 1193 expectatum
760 1101 796 1170 in
832 1100 949 1171 causis
971 1099 1153 1193 judicium,
1190 1109 1249 1172 aut
1278 1100 1427 1195 quaesita
1457 1098 1572 1192 gratia

411 1211 601 1284 detinebat.
619 1211 754 1282 Rerum
772 1211 990 1304 publicarum
1005 1209 1222 1282 abditissima
1241 1233 1371 1282 arcana
1386 1210 1571 1283 difficulta-

410 1329 535 1418 tesque
550 1322 810 1394 inextricabiles
831 1323 915 1393 vidit
931 1323 1021 1394 intra
1045 1345 1109 1394 sua
1127 1322 1256 1394 moenia
1273 1323 1453 1416 exphcari.
1474 1321 1572 1415 Opti-

412 1441 543 1506 matum
579 1434 735 1506 assuevit
769 1457 917 1528 pompas
957 1435 1147 1530 regiosque
1183 1443 1372 1528 apparatus
1408 1433 1527 1505 mirari
1563 1456 1570 1504 :

414 1546 577 1641 antiquus
607 1546 664 1617 ille
691 1545 864 1618 Cauarum
890 1569 1005 1639 pagus
1033 1555 1138 1639 caput
1163 1547 1277 1617 factus
1307 1556 1362 1617 est
1389 1544 1576 1616 Christiani

412 1657 519 1728 totius
543 1657 680 1756 imperii
705 1669 729 1728 ¹.
757 1658 847 1728 Tum
874 1657 1023 1750 primum
1048 1657 1152 1728 etiam
1179 1657 1393 1730 ornamentis
1418 1655 1577 1750 dignitati

338 1840 340 1848 ,
414 1768 558 1862 paribus
590 1769 752 1840 decorari
785 1768 921 1840 civitas
953 1768 1042 1838 Tum
1079 1767 1210 1861 templa
1239 1769 1337 1861 erigi,
1373 1776 1446 1838 tum
1478 1767 1576 1838 aedes

414 1879 732 1972 sumptuosissimae
747 1880 880 1950 exstrui
894 1879 919 1949 ³.
937 1879 1208 1974 Inclytissimam
1222 1879 1314 1950 illius
1330 1879 1444 1950 aetatis
1460 1878 1575 1950 aulam

413 2000 496 2072 tunc
525 1991 646 2061 habuit
675 1989 823 2077 Arenio,
862 1991 1055 2085 eademque
1094 1990 1233 2083 excepit
1266 1989 1576 2083 prudentissimum

415 2101 642 2173 cardinalium
658 2101 855 2193 collegium,
874 2101 970 2171 viros
986 2100 1233 2193 amplissimos,
1249 2109 1419 2188 oratores,
1435 2108 1571 2194 poetasr,

416 2211 569 2284 artifices
588 2212 836 2304 peritissimos.

465 2323 656 2396 Pontifices
683 2324 775 2394 enim
803 2324 880 2394 fere
905 2346 1039 2412 omnes,
1077 2324 1135 2418 qui
1159 2323 1342 2396 Avenione
1373 2324 1579 2396 commorati

418 2443 509 2520 sunt,
545 2442 616 2504 tam
644 2435 759 2527 magis
789 2435 914 2506 litteris
943 2443 979 2506 et
1008 2435 1230 2508 scholasticis
1259 2436 1435 2523 favebant,
1475 2458 1579 2531 quarn

416 2547 530 2640 magis
549 2546 618 2638 ipsi
634 2546 777 2638 ingenio
798 2547 1016 2640 praestabant
1045 2545 1071 2618 ⁴.
1099 2547 1261 2618 Ceterum
1280 2570 1324 2620 ea
1343 2549 1379 2618 in
1401 2547 1581 2620 Universi-

418 2667 526 2730 tatem
553 2657 799 2728 benevolentia
829 2681 900 2728 non
933 2658 1073 2729 omnino
1104 2659 1282 2751 Paparum
1311 2660 1454 2752 propria
1479 2659 1576 2729 fuit:

418 2769 543 2840 eadem
563 2777 659 2839 certe
682 2769 737 2839 usi
756 2778 835 2839 sunt
849 2769 1056 2864 quicumque
1070 2770 1278 2841 Pontificem
1295 2770 1574 2855 circumstantes,

419 2889 479 2952 aut
503 2881 658 2973 ingenio,
691 2888 750 2950 aut
776 2881 900 2973 gratia,
926 2892 985 2952 aut
1010 2881 1145 2974 opibus,
1178 2881 1374 2953 cardinales
1406 2881 1578 2952 enituere.

420 2992 523 3062 Hane
559 2991 691 3062 circum
723 2991 932 3062 Pontificum
961 2992 1076 3064 aulam
1111 2993 1249 3080 multoc,
1287 3001 1409 3088 quarto
1444 2993 1580 3063 decimo

421 3102 565 3189 saeculo,
605 3101 742 3173 Avenio
775 3103 897 3191 tenuit,
916 3089 1004 3198 'qui
1048 3112 1083 3174 et
1117 3104 1319 3197 praesentia,
1357 3113 1391 3199 et
1425 3103 1576 3189 nomine,

420 3235 587 3305 magnum
617 3213 742 3284 litteris
783 3223 887 3309 atque
930 3214 1132 3286 doctoribus
1160 3215 1417 3285 hortamentum
1456 3215 1583 3286 attule-

420 3333 513 3394 runt.
531 3325 667 3395 Talium
690 3348 865 3396 concursu
888 3327 1040 3397 virorum
1053 3325 1312 3398 Avenionensis
1335 3325 1583 3397 Universitatis

424 3435 538 3508 studia
573 3436 660 3506 mire
696 3437 992 3508 accendebantur.
1029 3437 1159 3508 Omnes
1189 3438 1280 3508 enim
1311 3437 1472 3530 magistri
1502 3460 1584 3508 sese

423 3554 495 3617 tam
526 3545 631 3617 claris
669 3547 827 3640 patronis
866 3548 992 3640 dignos
1023 3558 1197 3642 praestare
1231 3548 1427 3642 cupiebant,
1471 3559 1505 3620 et
1541 3549 1587 3620 ad
1678 3609 1680 3614 .

393 3744 395 3748 ι
424 3680 546 3729 eorum
586 3680 800 3750 propensam
832 3659 1045 3730 voluntatem
1077 3667 1372 3754 spectatumque
1398 3659 1581 3753 judicium,

427 3755 594 3862 quidquid
620 3769 919 3861 aggrediebantur
943 3770 1073 3859 dicere,
1106 3761 1431 3842 accommodabant.
1464 3772 1589 3842 Prodi-

425 3879 529 3972 giosa
553 3890 608 3950 est
630 3879 711 3951 inde
735 3891 859 3952 exorta
879 3882 970 3953 inter
991 3883 1114 3953 doctos
1137 3883 1325 3973 aemulatio,
1355 3905 1423 3978 qua
1443 3883 1588 3954 multum

427 3991 585 4086 quisque,
607 3991 689 4062 dum
705 4000 845 4064 ceteros
865 3993 1027 4064 studebat
1043 3993 1262 4087 praecellere,
1282 3993 1501 4086 proficiebat.

476 4101 588 4184 Quam
621 4100 861 4175 Avenionensi
894 4089 1121 4176 Universitati
1155 4113 1354 4198 praesentes
1394 4105 1586 4180 Pontifices

464 4419 488 4470 l.
510 4417 622 4486 Goliam,
638 4421 743 4489 Abrdp.
760 4421 794 4474 de
810 4421 906 4475 t’Htst.
920 4421 1062 4490 d'Aot'pn„
1079 4437 1107 4493 p.
1123 4423 1168 4477 75.

464 4502 490 4556 fi.
507 4504 590 4562 Icto„
607 4519 633 4572 p.
646 4505 690 4556 76.

463 4587 489 4640 3.
510 4586 539 4640 Ρ.
560 4587 679 4648 bennun,
692 4592 782 4643 Notas
796 4573 849 4648 sur
862 4565 1003 4660 qdelqucs
1020 4610 1084 4656 auc.
1102 4595 1211 4652 arctet..
1231 4609 1258 4670 p.
1277 4597 1301 4648 1.

465 4669 491 4730 t.
504 4668 633 4738 Vastan,
647 4673 715 4736 tam.
