3676 5592
369 475 404 542 11
708 495 944 542 uurvunsrrnrrs
965 495 1184 545 uvsutounssts

367 637 470 710 quem
487 612 682 706 Gregorius
701 615 753 686 XI
775 617 820 687 ad
839 639 889 703 se,
916 639 1007 688 anno
1025 617 1128 706 1311,
1156 621 1305 708 vocavit,
1328 621 1363 693 in
1378 620 1526 695 Univer-

366 727 468 797 sitste
489 723 728 800 Avenionensi
744 727 845 821 leges
870 728 1007 800 videtur
1029 729 1214 822 professus
1233 730 1344 804 fuisse
1365 745 1389 804 ¹.
1408 735 1525 806 Disci-

364 837 467 932 pulus
491 837 580 931 ejus,
611 837 743 910 Paulus
764 838 975 929 Castrensis,
1005 840 1136 937 dequo
1156 841 1322 936 Cujaeius
1351 843 1489 918 dicebat
1515 871 1522 918 :

369 979 386 1014 α
413 948 475 1043 qui
496 971 568 1018 uon
588 947 696 1019 bobet
719 949 881 1020 Paulum
907 950 951 1022 de
981 949 1113 1024 Castro
1141 953 1300 1027 tunicam
1327 955 1460 1028 condat
1489 966 1525 1029 et

362 1069 459 1132 eruat
473 1089 506 1148 »,
526 1068 622 1131 certe
639 1057 823 1133 Avenione
836 1062 871 1132 in
886 1085 1070 1164 numerum
1086 1065 1269 1137 doctorum
1293 1076 1348 1138 est
1365 1068 1524 1162 adscrip-

361 1181 429 1260 tus,
466 1181 653 1267 postquam
681 1173 828 1266 egregie
862 1182 897 1245 et
929 1175 1212 1268 splendidissime
1245 1178 1373 1250 thesim
1405 1178 1523 1276 (1385)

361 1283 579 1355 defendisset
603 1293 627 1353 ².
656 1284 691 1354 ls
716 1285 809 1354 enim
830 1285 1001 1357 adversus
1028 1295 1108 1358 octo
1136 1288 1310 1361 Praelatos
1335 1289 1370 1360 in
1394 1291 1523 1384 palatio

360 1393 554 1489 episcopali
584 1394 734 1488 primum
767 1405 821 1467 est
850 1406 1135 1490 argumentatus,¹
1161 1399 1287 1473 deinde
1319 1401 1371 1472 in'
1391 1403 1522 1476 scholis

359 1506 607 1579 Universitatis
629 1528 771 1578 amane
795 1508 840 1580 ad
862 1531 1049 1602 vesperam
1076 1533 1155 1581 cum
1181 1512 1257 1584 aliis
1286 1514 1476 1608 disputavit
1494 1515 1521 1586 ³.

357 1619 411 1691 De
434 1641 501 1716 quo
524 1617 746 1690 Valladerius
768 1619 848 1692 haec
867 1621 1068 1714 praedicat:
1101 1651 1118 1687 «
1137 1622 1181 1694 de
1204 1624 1316 1698 Paulo
1342 1627 1524 1700 Gastrensi

359 1752 536 1826 nunquam
560 1736 614 1800 sat
629 1728 761 1816 dixero,
786 1731 853 1826 qui,
876 1754 943 1827 quo
965 1740 1124 1826 ternpore
1139 1756 1242 1806 novae
1259 1736 1392 1807 scholae
1409 1737 1523 1830 erige-

357 1845 495 1930 bantur,
520 1841 664 1934 longam
683 1862 725 1912 ac
747 1841 965 1914 fructuosam
981 1851 1016 1914 et
1036 1852 1166 1916 vestrae
1185 1846 1315 1918 civitati
1329 1847 1521 1941 gloriosam

358 1977 494 2028 moram
516 1953 680 2040 faciebat,
706 1953 759 2022 vir
774 1976 818 2024 ex
838 1955 931 2026 omni
950 1963 1050 2048 parte
1067 1956 1246 2046 mirabilis,
1272 1959 1374 2053 cujus
1391 1961 1522 2054 scripta

357 2069 393 2140 in
424 2067 563 2160 digesta
591 2073 626 2136 et
658 2064 816 2137 codicem
844 2066 1063 2160 imperialem
1092 2067 1181 2140 adeo
1214 2069 1322 2142 multa
1354 2071 1515 2160 dilucida,

359 2179 529 2266 ordinata,
560 2176 742 2248 fructuosa
765 2185 924 2249 teruntur
951 2179 994 2250 ab
1024 2180 1197 2269 omnibus,
1230 2181 1322 2253 inter
1349 2207 1428 2279 quse
1449 2183 1520 2255 illae

356 2291 528 2365 lectiones
546 2286 669 2387 (ipsius
690 2289 935 2382 politissimum
958 2314 1059 2386 opus,
1083 2300 1118 2363 et
1142 2293 1243 2387 quasi
1267 2317 1405 2390 cygnea
1424 2293 1515 2393 vox),

358 2427 446 2502 quas
471 2403 549 2496 ipse
574 2400 735 2498 inscribit
760 2400 958 2493 Avenicas;
991 2411 1029 2474 ut
1063 2403 1244 2476 Oldratum
1274 2407 1380 2478 etiam
1411 2407 1519 2501 longo

356 2524 438 2612 post
459 2512 641 2584 intervallo
664 2512 855 2608 reliquerit,
886 2523 921 2586 et
947 2515 1041 2610 quod
1059 2515 1258 2610 plusculum
1276 2517 1402 2612 judicii
1423 2519 1520 2591 adhi-

355 2626 483 2710 buerit,
505 2632 540 2697 et
562 2623 655 2720 quod
670 2623 804 2696 infinita
826 2626 1084 2720 perscripserit,
1108 2635 1143 2699 et
1163 2627 1256 2724 quod
1273 2629 1519 2725 jurispruden-

356 2740 439 2812 tiam
455 2760 534 2810 cum
552 2736 680 2808 eximia
695 2736 845 2832 quadam
860 2736 998 2809 dicendi
1015 2748 1199 2812 venustate
1215 2741 1462 2836 conjunxerit⁴
1479 2775 1514 2818 s.

357 2852 429 2924 Sub
452 2849 546 2921 idem
568 2857 708 2942 tempus
729 2848 894 2942 AEgidius
917 2850 1126 2940 Bellamera,
1153 2852 1353 2950 aliquandiu
1370 2855 1407 2926 in
1425 2837 1516 2929 Uni-

356 2962 523 3034 versitate
543 2969 666 3031 nostra
686 2960 747 3053 jus
766 2961 974 3033 canonicum
992 2963 1165 3058 exposuit,
1190 2974 1224 3036 et
1248 2975 1298 3036 tot
1314 2967 1406 3060 juris
1424 2970 1521 3042 volu-

356 3074 451 3147 mina
466 3072 616 3166 scripsit,
642 3078 680 3142 ut
697 3072 765 3143 illis
785 3073 948 3167 legendis
971 3084 1060 3148 aetas
1077 3076 1228 3148 hominis
1246 3078 1304 3149 vix
1322 3080 1476 3154 sufficiat
1493 3081 1518 3155 ⁵.

356 3185 444 3282 Ejus
458 3185 588 3257 famam
602 3191 751 3256 testatur
770 3185 944 3257 distichon
964 3211 972 3259 :
1347 3185 1351 3192 ’

604 3361 715 3419 Deditus
730 3362 775 3418 hic
789 3362 880 3420 studio
892 3363 1027 3436 permulta
1041 3365 1181 3423 volumina
1197 3367 1274 3442 legit,

640 3448 767 3505 Condidit
780 3456 806 3505 et
821 3457 915 3506 nostro
931 3450 1015 3506 mults
1030 3451 1146 3524 legenda
1160 3453 1235 3510 seclo
1251 3453 1274 3509 ⁸.

357 3635 462 3714 accepit
480 3647 507 3698 et
529 3646 632 3712 postes,
657 3635 796 3713 professor
816 3637 887 3711 J‘uris
911 3641 1036 3697 canonici
1059 3639 1173 3708 electus,
1195 3639 1334 3698 avenione
1356 3657 1405 3712 per
1428 3638 1520 3712 plures
1583 3641 1587 3648 '

358 3744 446 3786 annos
465 3725 577 3798 publice
594 3726 696 3796 docuit,
712 3734 781 3782 teste
795 3726 922 3782 Cisconio
942 3725 969 3781 iu
984 3725 1038 3781 vita
1054 3726 1154 3782 Urbani
1171 3725 1200 3780 V.
1217 3745 1231 3777 ›>
1247 3726 1424 3796 (tusscorum,
1441 3725 1519 3798 ibid.)

357 3813 460 3869 —Sub
478 3813 551 3868 idem
571 3820 679 3883 tempus
696 3811 860 3867 bertrandus
880 3809 913 3867 de
935 3811 1117 3876 Columbario,
1133 3811 1167 3867 de
1182 3827 1236 3883 quo
1251 3811 1417 3868 recentiores
1432 3810 1521 3882 scrip-

358 3908 431 3955 tores
455 3897 565 3967 siluere,
584 3897 630 3967 jus
653 3897 680 3951 in
704 3899 798 3953 eadem
823 3895 932 3952 civitate
958 3896 1152 3968 interpretatus
1178 3904 1300 3953 estante
1324 3913 1427 3952 aunum
1453 3899 1521 3951 1361

358 3983 502 4056 (Fususor,
519 3984 599 4039 ibid..
613 3999 642 4054 p.
656 3985 713 4049 80).
1337 3977 1340 3982 “

394 4073 420 4125 1.
435 4067 600 4133 Cunscoun„
617 4069 686 4122 tbtd.
702 4095 737 4108 -—
749 4065 881 4135 luisses,
896 4067 987 4128 ibid„
1005 4066 1026 4120 l⁰
1041 4071 1086 4122 78.

393 4157 419 4207 9.
436 4157 517 4222 Biop.
533 4155 620 4212 anto„
635 4160 654 4206 t.
668 4150 722 4218 Vll,
738 4169 765 4222 p.
780 4152 842 4206 317.
858 4184 885 4194 -
903 4153 993 4223 Bous,
1007 4153 1305 4223 Μῶα-(1111001111,
1321 4153 1399 4212 ibid„
1412 4170 1439 4224 p.
1460 4154 1518 4206 119.

394 4241 419 4293 3.
437 4238 600 4302 Cupencum,
616 4238 693 4296 told„
713 4235 735 4290 s⁰
752 4239 813 4292 119.

392 4327 419 4380 1.
436 4323 562 4390 Virrio,
585 4323 663 4382 toto„
684 4320 706 4375 l0
724 4323 786 4376 sto.
806 4353 840 4364 -
857 4321 977 4378 Josnnes
996 4323 1030 4378 de
1054 4322 1199 4394 Bronisco,
1214 4339 1298 4396 quum
1315 4321 1413 4378 studiis
1434 4321 1518 4377 finem

357 4407 496 4465 tronione
519 4405 638 4475 lecisset,
663 4405 700 4460 ibi
720 4407 801 4462 etism
823 4405 918 4463 doctor
940 4409 968 4460 in
991 4406 1109 4462 decretis
1129 4416 1191 4463 ante
1212 4423 1314 4463 aunum
1338 4409 1407 4462 1380
1432 4407 1519 4462 evasit

359 4494 536 4569 (Cupencum,
551 4492 628 4560 toto).

394 4585 421 4635 5.
436 4577 602 4646 Consonus,
621 4578 699 4638 ibid„
717 4607 749 4622 -
771 4575 904 4645 Funusou,
922 4577 999 4639 toto„
1016 4585 1035 4632 t.
1055 4576 1111 4647 1,10
1127 4581 1169 4634 79.

396 4668 423 4722 6.
437 4664 527 4734 Bous,
542 4665 618 4718 Dico.
