3686 5590
407 539 462 609 lto
751 552 987 611 bntvlrnsrrnrrs
1007 548 1227 611 avenionensis

403 682 506 756 Sedis
525 681 770 756 auctoritatem
789 683 840 756 sic
864 685 971 756 tuitus
998 693 1087 756 erat.
1115 682 1236 756 Sacrae
1256 705 1342 755 vero
1369 697 1569 776 congrega-

402 794 488 868 tioni
519 793 663 868 obedire
693 804 837 868 coactus
865 796 931 867 fuit
959 797 1068 868 Pater
1094 794 1249 882 Barbct,
1281 788 1339 892 qui
1363 795 1488 890 jussus
1514 803 1570 865 est

402 905 603 980 damnatam
613 906 754 980 omnino
768 908 957 1002 repudiare
978 907 1201 980 sententiam.
1214 908 1325 996 Quod,
1344 929 1450 1003 quum
1459 906 1570 977 humi-

401 1017 482 1091 liter
499 1025 535 1092 et
556 1017 650 1090 nudo
671 1019 785 1114 capite
804 1042 925 1093 coram
943 1019 1154 1116 Inquisitore
1169 1017 1420 1107 Avenionensi,
1442 1018 1569 1090 Primi-

402 1129 569 1227 cerioque
603 1137 638 1202 et
677 1130 885 1226 quibusdam
919 1131 1128 1224 Theologiae
1163 1129 1378 1219 doctoribus,
1406 1130 1564 1218 fecisset,

402 1241 607 1315 cathedram
621 1264 746 1314 rursus
762 1243 910 1314 obtinuit
926 1253 950 1314 ¹.

450 1353 668 1426 Praeclaram
690 1353 786 1426 illam
809 1354 1033 1428 devotionem
1053 1354 1089 1426 in
1114 1375 1270 1425 summos
1290 1353 1482 1426 Pontifices
1500 1377 1570 1426 non

403 1463 516 1537 solum
545 1464 582 1535 in
609 1464 755 1560 privatis
782 1466 907 1558 gestis,
944 1465 1009 1538 sed
1037 1466 1142 1537 etiam
1170 1465 1206 1535 in
1231 1463 1395 1538 Consiliis
1421 1465 1569 1538 diversis

402 1575 619 1670 temporibus
645 1574 829 1649 Avenione
855 1577 985 1648 habitis
1013 1587 1035 1665 ²,
1070 1576 1293 1648 Universitas
1319 1575 1511 1649 declaravit
1535 1587 1571 1648 et

400 1687 601 1782 praesertim
625 1688 661 1759 in
682 1686 839 1760 Concilio
865 1687 1073 1777 anni1725,
1097 1689 1156 1760 ubi
1173 1688 1254 1759 haec
1280 1699 1463 1782 praecepta
1479 1689 1570 1760 inter

402 1799 470 1872 alia
483 1798 649 1893 leguntur
669 1823 677 1871 :
700 1829 717 1865 «
735 1801 816 1874 Hoc
841 1801 984 1872 tandem
1001 1821 1225 1894 summopere
1249 1800 1403 1888 mandat,
1424 1809 1458 1872 et
1473 1809 1570 1894 optat

402 1918 526 1983 sancta
544 1911 712 2007 synodus
732 1920 770 1984 ut
786 1913 822 1982 in
841 1912 983 1999 scholis,
1011 1921 1082 1984 tam
1101 1911 1263 2006 publiciS,
1287 1933 1391 2006 quam
1407 1911 1564 2005 privatio,

401 2021 493 2094 intra
515 2022 715 2095 Provinciae
741 2032 876 2096 nostrae
906 2023 997 2095 fines
1023 2023 1232 2110 constitutis,
1261 2045 1348 2094 sana
1370 2046 1510 2118 semper
1535 2034 1569 2096 et

403 2134 543 2206 sincera
571 2155 675 2206 sacro
704 2143 838 2208 sanctae
865 2135 967 2206 Fidei
991 2135 1198 2228 apostolicae
1221 2134 1381 2206 doctrina
1397 2135 1564 2223 tradatur,

402 2253 575 2342 quatenus
595 2245 720 2318 fideles
745 2247 848 2319 nobis
868 2246 1071 2334 concrediti,
1094 2247 1184 2318 sicut
1205 2269 1274 2318 uno
1299 2245 1517 2340 Baptismate
1534 2247 1569 2317 in

402 2379 503 2451 spem
523 2357 639 2430 vivam
656 2359 869 2452 regenerati,
899 2381 1008 2430 unum
1032 2359 1150 2430 colunt
1171 2359 1296 2446 Deum,
1324 2358 1465 2430 sionna
1483 2359 1569 2452 jun-

402 2479 532 2564 gantur
548 2468 618 2541 fide
635 2469 803 2559 interris,
821 2479 859 2542 ut
872 2469 956 2543 fidei
970 2470 1172 2543 mercedem
1186 2469 1357 2566 consequi
1368 2478 1571 2542 mereantur

402 2580 438 2652 in
454 2578 555 2652 coelis
570 2579 596 2651 ³.
615 2609 632 2646 »

450 2692 529 2766 Nec
554 2693 669 2766 minor
695 2693 760 2765 fuit
784 2693 968 2767 doctorum
992 2693 1294 2767 Avenionensium
1309 2693 1344 2766 in
1363 2693 1569 2789 reipublicae

347 2899 350 2902 Ι
402 2804 629 2902 dignitatibus
665 2804 864 2900 implendis,
904 2806 1057 2901 negotiis
1095 2806 1299 2896 tractandis,
1334 2805 1570 2900 legationibus

403 2916 587 3007 obeundis,
627 2925 731 3014 atque
763 2917 903 2991 civitate
941 2919 1021 3012 ipsa
1055 2918 1332 2992 administranda
1363 2919 1567 2990 auctoritas

402 3029 566 3127 Namque
595 3051 640 3100 ex
666 3026 906 3102 Universitate
936 3029 1041 3102 electi
1071 3038 1152 3101 sunt
1177 3029 1319 3124 judices
1349 3029 1572 3102 celeberrimi

403 3139 495 3213 illius
519 3140 703 3212 tribunalis
725 3141 832 3214 Rotae
861 3165 882 3214 a
909 3133 1048 3214 Joanne
1075 3141 1184 3213 XXll
1210 3142 1306 3213 circa
1325 3163 1454 3214 annum
1482 3141 1575 3214 1326

402 3251 550 3324 instituti
579 3247 606 3323 ⁴.
637 3252 831 3325 Doctorum
865 3277 1005 3350 quoque
1039 3277 1059 3326 e
1093 3253 1244 3346 collegio
1275 3261 1464 3348 excerptus
1499 3261 1575 3325 erat

404 3363 512 3458 Hugo
542 3363 586 3436 de
618 3362 811 3453 Gennasio,
845 3366 903 3461 qui
928 3366 1062 3460 primus
1090 3365 1271 3437 Tribunali
1294 3366 1568 3458 Vicegerentiae,

405 3497 497 3548 anno
518 3474 612 3546 1412
627 3475 780 3563 condito,
797 3477 992 3570 praefectus
1005 3485 1061 3549 est
1074 3476 1100 3548 ⁵.
1118 3475 1284 3570 AEgidius
1299 3477 1343 3548 de
1358 3477 1568 3562 Bellamera,

407 3585 729 3682 splendidissimum
743 3586 992 3661 Universitatis
1010 3597 1149 3661 nostrae
1165 3589 1295 3677 lumen,
1314 3589 1421 3662 Rotae
1438 3589 1575 3661 auditor

404 3698 470 3770 fuit
487 3706 639 3788 creatus,
663 3698 789 3772 deinde
811 3698 1072 3773 Avenionensis
1096 3701 1287 3796 episcopus
1309 3701 1352 3774 ab
1369 3723 1460 3773 anno
1482 3700 1576 3773 1390

407 3809 591 3884 adannum
605 3809 710 3884 1409.
727 3810 856 3884 Sedem
865 3811 1122 3886 Auraicensem
1139 3813 1364 3888 obtinuerunt
1375 3835 1466 3886 anno
1481 3811 1573 3886 1454

444 4101 470 4160 1.
495 4096 866 4180 antecantamenta.
894 4109 962 4173 dio..
989 4118 1010 4168 t.
1032 4107 1066 4182 ll,
1093 4110 1128 4166 l“
1142 4117 1260 4184 part-
1276 4111 1362 4167 Mem.
1390 4127 1444 4167 sur
1469 4107 1572 4168 l'Unin.

408 4185 531 4261 Μοίρι,
548 4189 570 4245 l’
586 4194 648 4247 977.

443 4279 470 4330 2.
490 4273 653 4347 Grannona,
670 4279 713 4333 De
723 4281 811 4350 prim.
830 4283 911 4336 Unio.
926 4288 1014 4336 erect.
1029 4282 1137 4353 frapm.
1155 4283 1248 4354 (Unio.
1262 4278 1386 4352 d'Aciq„
1403 4288 1423 4337 t.
1440 4279 1461 4352 1,
1478 4278 1500 4336 fu
1515 4283 1571 4350 47).

443 4362 470 4416 3.
488 4363 715 4418 Constitutionea
732 4365 839 4420 concil.
853 4371 953 4428 Acen„
972 4370 1043 4422 onai
1060 4373 1138 4430 1725,
1158 4386 1185 4440 p.
1203 4371 1247 4424 al.

445 4444 471 4499 1.
492 4447 594 4500 Ρίὲσοε
614 4450 700 4504 relat.
722 4453 741 4505 ἀ
766 4451 869 4506 l'Unio.
884 4451 1028 4523 d'Acipn„
1049 4460 1069 4508 t.
1088 4452 1131 4519 lV,
1146 4452 1168 4510 1ο
1187 4455 1196 4509 1
1224 4460 1261 4509 v⁰.
1284 4479 1313 4494 ·-
1330 4450 1465 4522 Fnansor,
1486 4460 1506 4507 t.
1530 4448 1574 4518 111,

409 4524 431 4585 1ο
444 4529 488 4585 5³.
503 4559 535 4571 -
550 4529 638 4597 Baua,
652 4535 726 4591 Dict.

408 4613 468 4762 ὠμὰ.
489 4611 618 4758 mpori,
632 4623 654 4675 t.
672 4619 697 4686 l,
719 4635 746 4694 p.
764 4617 826 4676 301.
840 4647 876 4663 -
902 4621 985 4678 Gaui.
1011 4618 1102 4692 lein,
1125 4632 1145 4682 t.
1165 4621 1208 4692 lt’,
1226 4621 1248 4680 1ο
1270 4627 1410 4684 14νῆ-
1431 4621 1571 4698 Trissrra,

437 4719 446 4758 ι
470 4734 489 4770 .,
572 4737 579 4761 t
