3676 5592
677 573 840 632 nrsrorucn
862 573 1119 660 annuariam
1334 543 1336 552 ’
1418 542 1457 627 ib
1541 562 1543 566 ’

295 694 455 778 collocati
468 717 489 795 ¹,
506 729 617 802 quom
627 705 832 778 alliciendos
846 728 921 776 csse
934 703 1162 777 scholasticos
1178 701 1227 773 od
1238 701 1345 773 botros
1358 709 1455 772 ortes

294 825 329 886 et
346 816 396 888 od
405 816 671 913 philosophiam
686 809 710 900 ²',
727 816 835 911 idque
842 816 1003 913 publica
1024 813 1191 886 utilitatis
1215 837 1291 886 esse
1310 813 1456 884 concilio

294 929 476 999 doctorum
500 928 748 1015 ostendissent,
767 929 810 999 ab
831 950 873 999 eo
898 928 1172 1020 impetraverunt
1187 933 1223 995 ut
1246 933 1457 1018 potestatem

292 1040 474 1128 haberent,
483 1063 588 1135 quum
595 1039 799 1110 instituendi
810 1039 845 1109 in
854 1062 917 1110 suo
930 1038 1079 1131 collegio
1094 1036 1376 1130 philosophicum
1388 1043 1459 1106 stu-

295 1147 1456 1252 dium,tumpromovendiBaccalaureosmagistrosqueinartibus:

296 1283 339 1332 ea
362 1269 480 1332 tamen
496 1262 589 1354 lege,
612 1271 649 1331 ut
667 1261 703 1331 id
717 1261 956 1332 tantummodo
974 1261 1134 1359 facerent
1157 1289 1173 1324 «
1193 1258 1335 1340 nomiae
1352 1257 1459 1329 cliotae

300 1372 553 1444 Uoioersitotis
574 1371 710 1466 subque
725 1371 944 1444 auctoritate
958 1371 1024 1441 Bm*
1044 1369 1180 1442 domimi
1195 1369 1290 1439 illius
1308 1367 1459 1472 Ooocel-

298 1482 392 1566 lorii,
419 1483 468 1554 ool
488 1483 607 1554 iostor
631 1482 790 1556 oliorum
811 1482 1096 1553 Ueioamitotitm
1123 1480 1185 1552 ubi
1210 1479 1306 1552 idom
1332 1501 1459 1552 cursus

297 1593 544 1677 liribehoturu,
565 1603 669 1690 atque
684 1595 939 1687 Magistrorum
958 1617 999 1665 ac
1017 1593 1339 1664 Baccalaureorum
1358 1613 1461 1662 crea-

296 1705 381 1775 tioni
415 1705 552 1776 adforet
584 1705 822 1791 Primicerius,
852 1705 888 1775 id
915 1713 970 1776 est
1000 1705 1136 1776 Rector
1166 1703 1414 1774 Universitatis
1433 1701 1459 1772 ³.

297 1817 498 1911 Insequenti
527 1817 634 1909 igitur
657 1839 760 1904 anne,
798 1825 878 1887 ante
909 1816 1001 1886 diem
1031 1825 1191 1910 quartum
1219 1813 1302 1885 Kal.
1327 1813 1455 1901 Maias,

298 1927 479 1997 studentes
502 1927 665 2025 undecim
689 1926 971 2010 Baccalaureatu
988 1913 1024 1996 in
1049 1925 1182 1996 artibus
1204 1924 1324 1995 donati
1342 1931 1422 1996 sunt
1442 1946 1462 1995 a

298 2038 499 2109 doctoribus
522 2038 844 2110 Avenionensibus.
875 2031 978 2136 Unde
999 2037 1171 2108 'renovari
1195 2035 1301 2129 coepit
1322 2034 1460 2106 Artium

190 2219 195 2228 ,
295 2147 474 2237 FacultaS,
504 2137 726 2245 quaequidem
748 2171 847 2224 suam
868 2158 1095 2244 quoquotum
1119 2156 1325 2242 argenteam
1339 2146 1461 2218 habuit

277 2261 438 2354 virgam,
461 2261 658 2354 insignibus
682 2260 931 2332 Universitatis
956 2261 1171 2347 decoratam,
1202 2266 1237 2330 et
1259 2266 1340 2329 ante
1362 2259 1462 2351 ipsos
1541 2355 1542 2358 Ἴ

292 2371 482 2465 magistros
520 2395 563 2444 ac
593 2373 849 2444 baccalaureos
882 2393 904 2443 a
934 2370 1081 2442 Budello
1112 2371 1148 2442 in
1184 2369 1461 2442 solemnitatibus

293 2483 522 2568 deferendam
540 2481 566 2554 ⁴.

342 2595 395 2666 Ita
411 2604 491 2666 sunt
509 2594 677 2688 adscripti
689 2593 904 2666 societatisl
907 2615 973 2665 esu
987 2593 1114 2665 Patres
1130 2586 1359 2665 innumerum
1373 2593 1460 2665 doc-

294 2706 726 2792 tornmhvenionensium,
739 2705 950 2802 cumquibus
963 2705 1181 2777 concordare
1193 2704 1252 2775 diu
1261 2715 1463 2798 nonpotue-

294 2827 386 2891 runt.
399 2819 486 2889 Mox
501 2818 706 2912 enimpacta
721 2841 800 2913 cnm
811 2817 1038 2889 universitate
1046 2816 1131 2890 inita
1141 2815 1317 2888 infirmare
1331 2826 1366 2888 et
1380 2840 1463 2889 con-

296 2930 425 3002 vellere
436 2930 525 3002 enisi
535 2937 628 3001 sunt.
638 2929 660 3000 J
662 2951 704 3000 us
720 2929 950 3023 promovendi
960 2928 1151 3022 magistros
1163 2937 1197 3000 et
1205 2929 1462 3003 baccalaureos

296 3050 419 3114 contra
433 3041 543 3112 fidem.
562 3041 792 3136 usurpabant.
816 3040 943 3113 Coram
963 3040 1243 3134 archiepiscope,
1274 3040 1462 3113 Universi-

296 3152 376 3224 tatis
395 3152 624 3242 Cancellario,
651 3175 754 3248 quern
778 3153 812 3222 in
833 3175 916 3225 suas
943 3160 1063 3246 partes
1088 3151 1242 3223 fortasse
1266 3159 1457 3242 traxerant,

296 3287 485 3360 coramque
514 3265 717 3336 doctoribus
752 3264 894 3335 minime
931 3261 1088 3359 quidem'
1103 3264 1320 3357 aggregatis,
1359 3274 1463 3360 atque

295 3375 440 3447 medicis
462 3376 568 3447 etiam
592 3375 810 3471 qiribusdam,
839 3399 927 3472 quos
953 3375 1022 3469 ipsi
1046 3372 1189 3469 proprio
1209 3375 1351 3448 arbitrio
1365 3377 1462 3470 judi-

297 3509 358 3557 ces
390 3496 568 3580 ceperant,
610 3486 802 3580 discipulos
830 3487 1098 3579 interrogabant
1135 3508 1231 3574 suos,
1270 3509 1462 3582 eorumque

297 3595 559 3696 doctrinamita
574 3598 726 3691 benigne
748 3598 1045 3691 periclitabantur,
1074 3606 1111 3668 ut
1132 3591 1206 3684 eos,
1228 3598 1385 3692 quamvis
1404 3608 1463 3670 aut

296 3710 399 3800 male,
420 3721 479 3781 aut
492 3711 577 3780 nihil
591 3710 871 3803 respondissent,
891 3710 1067 3797 facillime,
1082 3709 1112 3780 si
1128 3719 1226 3780 recte
1239 3710 1457 3802 conjicimus

297 3821 419 3893 laurea
445 3831 623 3893 ornarent.
648 3821 749 3903 Quod
770 3821 921 3893 maximo
946 3831 981 3893 et
1001 3820 1249 3892 Universitatis
1275 3830 1310 3892 et
1332 3821 1463 3894 littera-

297 3956 375 4004 rum
389 3932 597 4004 detrimento
612 3931 732 4004 fiebat.
750 3931 924 4004 Doctores
944 3939 1061 4004 autern
1085 3933 1272 4026 aggregati
1289 3933 1462 4026 graduum

298 4045 334 4115 in
348 4044 481 4131 artibus
497 4045 792 4117 conferendorum
808 4044 874 4117 sibi
892 4044 977 4116 solis
993 4043 1196 4116 facultatem
1213 4043 1432 4116 vindicarunt
1451 4068 1458 4117 :

278 4329 280 4334 ’
338 4315 361 4370 t.
379 4315 489 4381 Parma,
502 4319 588 4370 Etots
601 4318 710 4386 Pontis.
727 4314 761 4372 de
777 4317 909 4376 Franco„
926 4329 953 4385 p.
973 4317 1031 4370 113.

336 4403 361 4453 h.
371 4397 577 4471 'Philosophiam
592 4400 665 4456 inter
676 4401 763 4458 bonas
776 4408 858 4460 artes,
871 4399 899 4454 id
914 4409 955 4454 est
976 4400 1093 4468 litteras,
1107 4393 1304 4472 comprehendi
1321 4400 1464 4457 contendit

302 4480 390 4541 Caesar
402 4485 606 4541 Nostradamus.
622 4517 657 4527 -
670 4481 828 4555 tN'osrrm„
844 4484 924 4545 toto„
939 4502 965 4555 p.
983 4486 1070 4553 543.)-

338 4572 363 4626 3.
380 4574 465 4625 Mem.
481 4589 533 4625 sttr
555 4575 658 4626 l'Unio.
682 4573 804 4642 d’Acip„
828 4571 851 4625 f⁰
870 4573 903 4624 85
919 4579 958 4636 v0,
981 4575 1025 4642 86,
1050 4573 1094 4626 87.
1113 4601 1147 4614 -
1165 4576 1246 4626 Unio.
1269 4572 1380 4642 d'Aoip.
1397 4581 1417 4626 t.
1438 4571 1463 4646 13

303 4659 389 4716 Htst„
405 4653 427 4708 fl
441 4659 483 4710 56.

341 4745 365 4794 l.
388 4742 458 4796 loto.
