3686 5590
619 641 780 690 66666161
802 641 1014 692 1666661116.
1356 625 1394 694 69

234 773 367 855 torum,
401 761 626 864 pessimoque
664 763 824 862 exemplo
858 765 1086 855 studentium,
1122 769 1228 840 noctu
1259 763 1394 841 detine-

233 881 292 953 bat
318 891 341 950 ¹.
379 885 382 894 '
786 867 790 878 ’

281 992 416 1065 Deinde
440 993 580 1065 minime
604 993 728 1064 mirum
753 1003 817 1082 est,
849 995 879 1064 si
901 994 936 1064 in
957 993 1072 1087 ipsum
1101 991 1286 1086 collegium
1308 1014 1393 1088 pau-

233 1105 339 1192 latim,
359 1113 432 1176 tum
454 1105 599 1192 incuria,
629 1129 733 1201 quum
755 1106 872 1200 pravis
892 1100 1061 1198 exemplis
1084 1105 1288 1183 Rectorem,
1311 1105 1393 1176 vitia

232 1216 450 1310 irrepserint.
471 1217 560 1287 Turn
586 1216 747 1310 discipuli
763 1225 892 1289 statuta
913 1240 955 1289 ac
979 1216 1198 1311 disciplinam
1220 1216 1394 1312 gymnasii

234 1327 339 1415 obliti,
360 1328 404 1399 ad
427 1351 527 1399 suum
549 1328 696 1423 quisque
725 1329 904 1400 arbitrium
931 1329 1049 1400 vivere
1073 1339 1256 1422 coeperunt
1284 1352 1291 1400 :
1320 1336 1393 1400 tum

128 1451 131 1457 '
235 1439 427 1510 studiorum
451 1439 559 1511 horas
586 1440 654 1533 ipsi
679 1440 745 1511 sibi
768 1449 940 1529 statuere;
972 1439 1113 1534 collegii
1139 1440 1287 1534 primum
1312 1448 1392 1511 ante

234 1550 330 1622 fores
361 1560 396 1622 et
423 1573 575 1637 crucem,
611 1573 755 1623 carcere
783 1560 994 1645 contempto,
1039 1581 1055 1617 «
1080 1552 1279 1622 6161161661
1311 1551 1394 1623 inde

235 1662 438 1734 cornutium
456 1661 695 1761 cupiditatum
705 1662 904 1735 occasiones
915 1670 1092 1734 sumentes
1100 1692 1134 1746 »,
1155 1662 1391 1751 confabulari;

233 1757 392 1867 publicas
421 1774 546 1846 deinde
571 1774 742 1846 lectiones
770 1774 948 1863 deserere,
983 1783 1017 1846 et
1043 1798 1107 1868 per
1139 1775 1261 1846 urbem
1289 1773 1393 1846 otiosi

233 1887 367 1978 vagari,
390 1895 424 1956 et
438 1886 581 1956 lascivis
597 1885 831 1979 voluptatibus
846 1886 1030 1979 indulgere
1050 1897 1075 1956 ².
1096 1883 1212 1981 Atque
1231 1886 1391 1957 1161666-

233 1997 372 2067 luerunt
389 1998 488 2091 pravi
505 2021 633 2082 mores,
653 2007 691 2067 ut
707 2021 797 2068 anno
815 1997 907 2069 1514
921 1999 994 2069 Leo
1007 1998 1043 2068 X
1057 2020 1119 2069 eos
1136 1998 1262 2069 avictu
1277 1997 1393 2090 prohi-

233 2109 357 2197 buerit,
389 2109 447 2203 qui
474 2109 720 2181 Universitatis
743 2110 932 2202 magistros
957 2133 1027 2180 non
1055 2109 1215 2181 audirent
1235 2108 1260 2180 ³.
1289 2107 1391 2180 Anno

238 2219 331 2292 1540
351 2220 592 2313 expulsionem
610 2220 760 2290 edictam
784 2221 895 2291 fuisse
919 2221 1121 2314 accipimus,
1153 2220 1183 2290 si
1208 2219 1395 2316 quisitor

235 2355 363 2402 inaniis
377 2320 549 2402 violentos
568 2330 733 2423 injecerit
747 2331 785 2400 in
798 2332 952 2426 fratrae,
975 2340 1039 2403 661
1055 2333 1199 2426 fnrtnni
1219 2330 1393 2426 monifes-

238 2450 313 2512 tnin
329 2443 557 2525 commiserit,
577 2450 643 2513 661
656 2451 713 2513 ter
723 2443 996 2538 pernoctaverit
1013 2443 1051 2512 in
1065 2443 1168 2527 nabe,
1189 2451 1254 2513 661
1273 2441 1395 2512 666116-

235 2578 313 2624 6661
343 2562 547 2650 suspectum
582 2562 617 2623 ct
657 2552 832 2625 lubricant
858 2554 897 2624 in
931 2554 1118 2648 coltcpinni
1145 2552 1393 2623 introducent

236 2665 410 2758 6661616116
437 2664 481 2735 dc
501 2663 758 2737 incontinentia
786 2665 965 2736 convictos
985 2664 1100 2758 fucrit
1117 2693 1133 2728 6
1147 2662 1185 2733 ⁴:
1211 2670 1307 2735 tanta
1328 2663 1392 2734 fuit

235 2783 317 2848 tunc
334 2799 469 2848 morum
486 2775 651 2869 pravitas,
676 2799 717 2847 ac
734 2776 945 2846 studentium
963 2775 1135 2870 nequitia!

284 2889 395 2974 Quum
428 2910 471 2958 ea
504 2894 601 2957 esset
642 2886 851 2957 studentium
887 2886 978 2957 inter
1017 2885 1169 2956 claustra
1205 2885 1392 2956 viventium

235 2999 397 3085 conditio,
418 3006 565 3092 apparet
584 3020 669 3069 sane
684 2997 795 3092 qualis
816 3019 897 3068 esse
916 2997 1075 3068 debuerit
1095 3004 1292 3067 ceterorum
1307 2997 1386 3078 vita,

235 3110 292 3204 qui
307 3110 382 3181 sine
397 3110 489 3202 lege,
507 3110 582 3180 sine
597 3118 735 3180 rectore
751 3116 811 3179 661
824 3101 981 3196 custode,
996 3108 1097 3180 liberi
1106 3109 1238 3200 passim
1251 3107 1287 3177 in
1305 3108 1391 3178 urbe

233 3221 422 3314 degebant.
439 3221 487 3292 Hi
505 3221 607 3307 enim,
628 3226 665 3290 ut
682 3220 801 3312 plures
822 3228 922 3290 erant
935 3220 983 3290 116
996 3219 1102 3311 longe
1120 3219 1390 3290 turbulentiores

233 3341 267 3402 et
280 3332 486 3403 lasciviores
503 3355 643 3424 semper
664 3331 775 3417 fuere,
797 3341 832 3401 et
850 3331 1085 3423 voluptatibus
1103 3329 1209 3400 multo
1226 3329 1389 3400 libentius

234 3466 336 3537 quam
351 3443 470 3536 legum
489 3443 602 3513 studio
619 3441 939 3514 dediti⁵.Conviviis
955 3442 1072 3535 itaque
1089 3441 1252 3528 animum,
1263 3464 1391 3533 corpus

234 3554 417 3625 saltatione
429 3554 558 3647 optime
569 3553 789 3640 recreabant,
799 3553 848 3623 116
862 3561 900 3622 61
915 3553 1104 3644 magistros
1120 3552 1162 3622 de
1172 3552 1390 3644 gravissimis

233 3665 339 3736 rebus
362 3665 591 3751 disserentes
611 3665 670 3735 ubi
688 3664 849 3735 tibiarum
870 3664 1004 3734 sonitus
1022 3663 1255 3756 increpuerat,
1277 3663 1392 3733 statim

234 3764 356 3847 omnes
372 3775 612 3847 desererent⁶.
631 3778 670 3846 ln
689 3776 840 3862 choreis,
862 3799 1007 3870 quarum
1026 3783 1121 3845 certe
1148 3797 1250 3868 quam
1273 3773 1391 3866 legum

234 3887 418 3980 peritiores
436 3887 576 3974 fiebant,
600 3887 735 3981 puellas
755 3885 927 3972 colebant,
950 3908 1095 3981 quarum
1120 3907 1239 3956 amore
1260 3885 1391 3977 saepius

233 3998 341 4070 libros
369 3999 587 4070 omittebant.
616 3999 705 4068 Tum
736 3997 849 4068 minus
886 3996 1085 4068 ediscendis
1118 3996 1256 4087 legibus
1290 4018 1394 4090 quam

234 4109 444 4182 revellendis
467 4110 640 4198 claustris,
664 4118 723 4180 aut
747 4108 1039 4180 transcendendis
1061 4107 1181 4193 muris,
1206 4107 1392 4179 autetiam

272 4370 297 4422 1.
312 4369 688 4426 11161661866611-11661,
706 4381 733 4436 p.
748 4367 792 4433 38,
810 4363 854 4417 lo.

269 4453 296 4506 2.
313 4451 410 4508 Statut.
424 4468 439 4506 a
451 4451 529 4508 1666.
547 4454 636 4505 Dubio
649 4450 730 4506 cond.
746 4453 821 4502 Hist.
836 4450 888 4502 ccl.
906 4447 1129 4503 Sancti-Mart,
1149 4459 1176 4516 p.
1193 4445 1238 4501 45.

269 4539 388 4592 3.Β611.
405 4540 481 4592 cinit.
498 4542 598 4598 1666..
613 4553 640 4607 p.
659 4535 702 4588 il.
717 4563 751 4574 —
765 4531 892 4596 1111116,
908 4534 975 4587 ibid.

270 4624 297 4676 4.
313 4621 380 4676 Stat.
394 4623 499 4678 61666.
515 4619 703 4676 1161166661.
845 4611 847 4617 ⁴

272 4707 456 4777 6166616
474 4711 500 4772 7,
520 4709 595 4760 1670.

272 4796 298 4850 6.
313 4794 396 4854 ibid,
413 4809 440 4869 p.
454 4794 497 4847 33.
515 4822 543 4832 -
556 4791 686 4858 Vannio„
703 4793 770 4849 ibid.
