3686 5590
372 483 411 549 78
718 502 953 551 nruvnusmnms
973 500 1192 550 nvevrouuusts

372 623 542 719 Denique,
573 646 640 719 quo
673 624 786 717 magis
815 624 1088 695 Universitatem
1117 623 1310 716 adjuvaret,
1337 622 1370 695 ei
1398 621 1530 695 curiam

370 735 650 828 Vice-gerentiae
679 759 832 808 camerae
859 736 1063 830 apostolicae
1093 736 1240 807 civitatis
1270 734 1530 806 Avenion'ensis

377 846 679 942 «incorporavit»
707 848 833 919 eodem
855 857 983 919 anno¹.
1010 847 1081 917 Sed
1110 846 1312 918 Alexander
1344 848 1405 934 Vl,
1437 870 1529 919 anno

374 957 477 1045 1493,
502 958 645 1028 Petrum
667 957 868 1030 Goicbocdi
888 987 905 1024 o
918 958 1212 1052 Vioepcrentem»
1233 958 1275 1028 ab
1291 958 1530 1030 Universitate

369 1068 563 1140 institutum
587 1092 632 1140 ex
657 1069 773 1140 officio
796 1070 913 1157 movit,
942 1070 1036 1163 quod
1048 1070 1125 1162 ipse
1142 1069 1218 1151 sibi,
1240 1070 1340 1165 quasi
1351 1070 1531 1163 proprium

370 1189 405 1252 et
420 1187 628 1273 perpetuum
640 1181 701 1274 jus
727 1181 821 1252 sedis
847 1181 1064 1274 apostolieae,
1093 1181 1290 1269 vindicavit,
1310 1189 1345 1252 et
1361 1181 1532 1253 Clementi

370 1291 413 1362 de
439 1289 586 1362 Obortis
621 1293 806 1368 commisit.
840 1294 896 1364 Ne
931 1300 1048 1363 tamen
1075 1293 1348 1365 Universitatem
1390 1293 1530 1365 omniuo

369 1403 559 1491 fraudaret,
582 1404 859 1497 Vice-gerentiae
882 1404 1117 1475 emolumenta
1137 1403 1228 1475 inter
1255 1403 1470 1476 Clementem
1496 1414 1531 1476 et

370 1514 534 1584 doctores
581 1515 713 1608 pariter
755 1515 941 1608 bipertivit,
977 1525 1012 1585 et
1056 1536 1166 1602 suam,
1196 1515 1239 1586 iis
1270 1516 1328 1610 qui
1354 1516 1526 1608 legerent,

369 1625 569 1696 mercedem
584 1627 736 1698 servavit
752 1637 776 1696 ².
794 1626 840 1697 At
860 1649 964 1720 quum
982 1626 1248 1697 remunerandis
1268 1627 1531 1719 professoribus

369 1736 501 1808 reditus
522 1737 769 1808 Universitatis
794 1760 864 1808 non
887 1735 1099 1824 sufficerent,
1123 1759 1214 1808 auno
1232 1737 1325 1808 1503
1341 1745 1421 1808 ante
1439 1739 1531 1809 diem

369 1838 613 1920 duodecimum
623 1847 705 1919 Kal.
718 1848 739 1917 J
743 1848 854 1934 unias,
869 1847 1101 1918 indoctorum
1117 1848 1267 1940 collegio
1278 1855 1442 1919 statutum
1451 1849 1526 1928 fuit,

368 1968 406 2028 ut
434 1960 651 2030 mitterentur
677 1959 796 2052 legati,
839 1959 897 2053 qui
931 1966 965 2029 et
997 1958 1352 2029 aRevereudissimo
1379 1959 1529 2031 Domino

369 2073 516 2164 Legato,
551 2080 595 2158 et,
623 2070 653 2140 si
679 2093 767 2163 opus
792 2070 895 2157 foret,
929 2092 950 2140 3
977 2092 1112 2140 summo
1143 2069 1325 2155 Pontice,
1358 2071 1530 2144 tabularia

375 2182 525 2255 «corice
548 2189 843 2253 conservatorum
859 2210 874 2246 »
902 2180 1132 2252 Universitati
1157 2189 1359 2274 repeterent
1375 2179 1400 2252 ³.
1429 2181 1531 2263 Quod

368 2295 652 2388 impetraverunt,
684 2315 755 2363 nou
780 2293 919 2388 quidem
947 2292 990 2363 ab
1014 2290 1216 2362 Alexandro
1242 2292 1303 2380 Vl,
1325 2292 1384 2387 qui
1405 2295 1531 2366 eodem

370 2428 460 2478 anno
473 2413 553 2476 ante
569 2403 661 2474 diem
679 2403 834 2498 quintum
849 2403 1023 2475 decimum
1033 2403 1115 2473 Kal.
1130 2402 1227 2496 Sept.
1242 2403 1334 2474 diem
1353 2404 1446 2492 obiit,
1468 2407 1532 2478 sed

369 2541 390 2592 a
411 2518 531 2589 Leone
543 2516 589 2598 X,
607 2515 663 2586 cui
676 2516 856 2610 praecipue
876 2538 971 2586 curae
986 2515 1127 2586 fuerunt
1140 2515 1387 2586 Universitatis
1402 2518 1531 2597 utilitas

370 2639 405 2703 et
430 2627 627 2701 commoda.
651 2629 687 2698 Is
711 2627 818 2720 igitur
844 2650 915 2698 non
940 2627 1043 2698 modo
1068 2626 1239 2698 tabularia
1256 2627 1332 2720 jam
1359 2651 1531 2702 concessa

368 2739 528 2827 reddidit,
557 2739 621 2809 sed
645 2748 680 2809 et
710 2760 802 2838 nova
829 2738 962 2809 scilicet
996 2738 1239 2824 Paternarum,
1275 2738 1525 2828 Montiliorum,

368 2853 590 2924 Malaucenae
606 2858 641 2922 et
653 2850 808 2940 Civitatis
819 2849 1096 2920 Cabellionensis
1108 2849 1224 2919 officia
1235 2849 1291 2943 adj
1296 2848 1396 2920 ecit⁴.
1410 2851 1529 2932 Qualis

370 2987 415 3036 ex
445 2962 625 3035 tabulariis
655 2962 723 3032 illis
755 2960 984 3032 Umversitati
1013 2961 1164 3053 primum
1199 2960 1334 3031 fructus
1376 2963 1522 3052 venerit,

371 3074 562 3147 nescimus.
592 3073 862 3144 Solvebantura
886 3071 1002 3142 scriba
1018 3071 1183 3144 Valreaci
1203 3072 1353 3168 quinque
1377 3081 1412 3144 et
1434 3074 1531 3170 quin-

371 3185 537 3283 quaginta
564 3184 689 3256 floreni
713 3183 951 3270 ann01509⁵;
975 3183 1160 3254 abeodem
1182 3183 1261 3275 plus
1286 3207 1389 3278 quam
1410 3185 1533 3278 viginti

371 3297 461 3370 scuti
487 3297 586 3368 attrei
613 3296 658 3366 ad
681 3295 819 3388 signum
847 3295 932 3365 solis
961 3293 1205 3382 ann01531⁶;
1230 3295 1386 3366 ascriba
1400 3297 1531 3368 Insulae

372 3409 602 3506 quadraginta
638 3408 728 3478 scuti
762 3407 860 3478 aurei
892 3407 938 3478 od
969 3407 1107 3499 signum
1141 3406 1230 3485 solis
1266 3428 1357 3478 anno
1398 3408 1527 3480 15311.

371 3521 576 3594 Ceterorum
623 3518 874 3590 tabulariorum
919 3526 1127 3611 proventum
1161 3541 1334 3614 nusquam
1363 3519 1529 3612 legimus

371 3633 437 3716 Qui
463 3639 559 3702 certe
590 3639 707 3702 tamen
734 3629 852 3723 exigui
882 3629 1033 3718 fuerunt,
1071 3630 1144 3700 sive
1167 3629 1247 3700 lites
1276 3629 1449 3700 defuerint
1475 3642 1534 3701 aut

372 3745 546 3838 neglectae
576 3743 716 3831 fuerint,
745 3743 819 3814 sive
849 3742 976 3813 scribae
1000 3742 1156 3814 rationes
1185 3741 1275 3812 male
1304 3742 1531 3815 reddiderint.

373 3857 525 3930 Pravum
538 3855 632 3927 hunc
655 3876 788 3926 morem
801 3853 989 3925 emendare
1005 3861 1132 3924 conata
1149 3860 1203 3924 est
1221 3852 1454 3943 Universitas,
1483 3861 1528 3946 et,

411 4119 434 4172 1.
450 4117 566 4172 Butler.
584 4117 667 4171 Cioit.
684 4119 784 4176 Acen„
802 4132 828 4187 p.
844 4119 877 4170 68
892 4123 918 4171 et
932 4116 975 4169 69.

410 4206 436 4258 t.
453 4207 531 4257 Bell.
549 4205 632 4256 Ciuit.
646 4205 746 4260 Aoni..
762 4217 789 4271 p.
806 4205 849 4254 71.

410 4273 440 4343 3
454 4289 539 4341 mom.
556 4305 609 4341 sor
624 4288 726 4342 cuna.
744 4287 886 4356 131193..
904 4284 926 4339 fo
940 4288 974 4339 74
988 4294 1027 4342 νο.

411 4376 436 4428 t.
453 4376 530 4426 Butt.
546 4373 629 4426 Ctott.
644 4377 745 4430 Acen..
760 4387 790 4442 p.
805 4373 850 4424 81.

411 4457 438 4512 ὃ.
455 4459 535 4512 Unio.
550 4457 692 4528 d'Aotqn„
708 4464 728 4512 1.
744 4454 777 4523 11;
793 4459 912 4510 Docvm.
926 4454 1041 4518 diuers„
1059 4451 1080 4510 l⁰
1096 4455 1121 4522 7,
1137 4470 1188 4510 ms.

413 4546 439 4600 6.
453 4541 537 4604 ibid,
553 4539 574 4595 l⁰
590 4544 617 4596 9.
632 4609 634 4614 y

413 4630 440 4691 7·
456 4627 540 4688 loct..
558 4625 580 4682 1Ω
597 4627 638 4682 11.
