3686 5590
414 533 452 604 8'0
758 552 993 607 numnasmurrs
1014 552 1233 612 nvrmonrusrs

413 686 561 774 quatuor
603 687 743 750 centum
782 679 858 752 fere
906 681 1014 753 libras
1063 683 1193 756 addere
1212 696 1235 755 ¹.
1273 683 1370 777 Ergo
1399 679 1578 756 variorum

313 799 314 806 ’
410 790 596 878 fruetuum,
617 791 732 862 media
754 792 1013 885 computatione
1030 793 1135 882 faeta,
1157 818 1201 866 ex
1220 795 1401 867 tabulariis
1421 795 1576 868 Univer-

414 900 508 971 sitati
534 924 705 973 summam
733 902 963 975 ducentorum
991 903 1130 976 circiter
1161 915 1340 978 scutorum
1367 906 1575 1000 provenisse

415 1012 599 1106 quotannis
645 1012 866 1084 arbitramur.
909 1013 996 1095 Quae
1041 1015 1192 1108 pecunia
1230 1015 1449 1087 dividebatur
1488 1015 1580 1087 inter

412 1123 650 1216 professores.
687 1123 759 1195 Sed
808 1147 973 1218 capones,
1019 1126 1114 1219 pulli,
1155 1127 1340 1216 columbae,
1387 1127 1589 1216 anserouli‚·

415 1235 575 1323 cuniculi,
605 1234 749 1324 hoeduli,
778 1235 884 1324 vituli,
913 1259 1001 1330 quos
1028 1237 1120 1310 dono
1139 1237 1224 1309 dare
1248 1238 1432 1334 quotannis
1451 1238 1578 1310 scribae

416 1345 586 1434 solebant,
608 1347 803 1418 Primieerii
816 1369 950 1418 mensae
966 1348 1234 1440 apponebantur
1252 1360 1276 1420 ².

461 1456 561 1529 Alios
577 1457 681 1529 etiam
704 1458 839 1528 fructus
855 1458 1017 1551 capiebat
1040 1459 1263 1530 Universitas
1290 1483 1334 1530 ex
1357 1459 1517 1552 pecuniis
1542 1460 1579 1531 in

413 1569 552 1640 foenore
569 1567 694 1662 positis
717 1569 810 1663 apud
830 1568 1157 1641 variasComitatus
1173 1571 1380 1642 Venaisoini
1402 1571 1572 1660 civitates,

415 1703 460 1752 ex
481 1680 604 1776 quibus
624 1680 771 1768 redibat,
799 1702 890 1751 anno
915 1680 1018 1770 1608,
1044 1704 1180 1754 summa
1198 1692 1338 1753 centum
1356 1682 1579 1776 septuaginta

414 1815 541 1864 novem
575 1799 753 1864 scutorum
782 1814 969 1863 aureorum
1001 1792 1046 1864 ad
1069 1793 1208 1886 signum
1231 1794 1332 1883 solis3
1362 1794 1573 1882 solvebatur,

380 1977 385 2006 ὲ
414 1925 506 1976 auno
541 1903 644 1992 1691,
683 1924 704 1974 a
733 1903 871 1974 civitate
909 1902 1149 1976 Avenionensi
1186 1928 1322 1976 summa
1349 1905 1579 1976 ducentorum

415 2013 637 2109 septuaginta
650 2037 777 2086 novem
794 2023 991 2104 scutorum3
1014 2038 1035 2086 a
1058 2017 1187 2088 ceteris
1202 2017 1418 2088 debitoribus
1437 2024 1577 2110 septua-

414 2127 511 2221 ginta
543 2134 692 2222 quatuor
720 2133 912 2197 scutorum.
943 2126 997 2196 Ex
1028 2127 1153 2222 quibus
1186 2128 1346 2221 pecuniis
1379 2127 1575 2222 conjunctis

414 2261 550 2310 summa
571 2237 678 2309 fiebat
700 2245 938 2309 trecentorum
964 2238 1215 2334 quinquaginta
1246 2241 1349 2310 trium
1382 2247 1573 2310 scutorum.

414 2353 501 2438 Quae
535 2349 685 2444 quidem,
735 2371 826 2420 anno
862 2348 965 2436 1705,
997 2350 1144 2422 reducta
1171 2358 1226 2421 est
1254 2350 1299 2421 ad
1330 2359 1509 2422 trecentos
1541 2361 1576 2422 et

415 2461 647 2558 quadraginta
661 2460 811 2556 quinque
831 2469 952 2532 soutos
973 2485 981 2532 :
1005 2461 1079 2550 sed,
1104 2462 1317 2551 ann01718,
1341 2463 1450 2533 crevit
1466 2462 1574 2533 scutis

413 2573 576 2644 undecim
595 2571 620 2643 ³.
664 2572 812 2644 Saeoubs
854 2573 960 2665 igitur
1002 2573 1150 2667 septimo
1194 2581 1229 2645 et
1274 2576 1398 2645 octavo
1438 2574 1575 2645 decimo

413 2684 634 2756 Universitas
656 2706 809 2755 annuum
836 2684 1054 2778 percipiebat
1079 2693 1317 2757 trecentorum
1346 2693 1381 2757 et
1402 2685 1573 2781 quinqua-

412 2797 510 2890 ginta
545 2805 723 2868 soutorum
752 2796 902 2866 reditum
931 2819 975 2867 ex
1006 2797 1113 2880 variis
1140 2797 1299 2890 pecuniis
1328 2799 1569 2888 commodatis,

414 2931 517 3004 quem
536 2907 566 2978 si
580 2907 817 2979 addiderimus
833 2907 992 2978 ducentis
1009 2931 1053 2978 ex
1067 2908 1317 2980 tabulariorum
1333 2909 1449 2980 fructu
1465 2909 1574 2980 scutis

411 3024 448 3092 in
462 3029 572 3092 totum
585 3019 790 3090 conficietur
808 3042 944 3090 summa
968 3020 1237 3115 quingentorum
1259 3030 1448 3108 scutorum,
1468 3021 1504 3090 id
1521 3029 1577 3091 est

413 3131 506 3205 mille
523 3140 557 3203 et
573 3139 818 3203 sexcentarum
837 3131 1088 3227 quinquaginta
1110 3131 1290 3204 librarum.
1320 3131 1384 3204 Cui
1401 3132 1576 3225 jungendi

415 3253 495 3316 sunt
527 3243 660 3314 fortuiti
691 3243 1012 3337 componendarum
1045 3253 1247 3336 proventus,
1284 3243 1320 3313 id
1346 3251 1400 3314 est
1428 3247 1578 3316 treoenti

415 3356 600 3449 sexaginta
616 3363 689 3426 tres
709 3354 798 3426 souti
815 3354 955 3426 circiter
971 3377 1035 3448 pro
1053 3354 1206 3450 quolibet
1224 3377 1326 3442 ann0‚
1348 3355 1452 3449 quiin
1466 3355 1576 3428 libras

414 3467 576 3541 conversi
601 3467 684 3538 dant
707 3489 878 3538 summam
894 3466 988 3537 miile
1004 3473 1039 3537 et
1057 3467 1236 3559 octoginta
1250 3489 1377 3537 novem
1391 3466 1574 3540 librarum.

414 3584 532 3654 Unum
562 3579 669 3671 igitur
690 3599 710 3648 e
734 3577 880 3670 singulis
903 3577 970 3648 illis
993 3578 1162 3650 reditibus
1182 3601 1367 3648 numerum
1388 3578 1571 3667 faciemus,

415 3703 518 3790 atque
537 3691 586 3762 ita
606 3689 814 3760 habebimus
841 3711 1011 3760 summam
1035 3689 1089 3760 bis
1105 3689 1197 3760 mille
1218 3697 1252 3760 et
1272 3691 1577 3783 septingentarum

412 3805 555 3899 triginta
568 3825 695 3874 novem
708 3801 885 3888 librarum,
909 3823 987 3896 quae
1007 3799 1442 3897 quotannis-Universitati
1459 3803 1576 3876 solve-

414 3915 551 3990 bantur.

460 4029 551 4100 Haeo
582 4035 699 4100 autem
728 4023 889 4119 pecunia,
924 4047 1013 4121 quae,
1054 4026 1136 4098 dum
1161 4024 1274 4098 rarior
1300 4035 1452 4116 moneta,
1489 4024 1575 4100 satis

414 4141 529 4236 ampla
551 4139 625 4228 fuit,
653 4161 764 4234 parva
783 4160 868 4210 sane
892 4137 987 4210 faeta
1005 4145 1070 4226 est,
1099 4137 1159 4209 ubi
1189 4137 1367 4210 abundare
1393 4147 1578 4236 coeperunt

450 4374 474 4427 i.
495 4373 573 4427 unio.
590 4371 732 4442 ababa,
747 4371 779 4426 us
793 4373 856 4441 uae,
871 4372 933 4425 aas.
944 4396 977 4411 -
991 4369 1074 4430 rota,
1090 4377 1109 4424 t.
1128 4365 1161 4434 n;
1177 4371 1295 4422 nocam.
1313 4365 1424 4436 aanor
1436 4371 1500 4436 aaa,
1514 4367 1576 4423 an.

415 4485 446 4501 -
463 4459 546 4518 nra,
563 4465 583 4512 t.
599 4457 644 4524 iu,
658 4455 689 4511 p,
705 4459 765 4524 sio,
783 4459 845 4512 su.

450 4548 476 4598 n.
497 4544 569 4597 rato.

450 4632 476 4686 a.
488 4629 570 4689 roto„
585 4636 605 4683 ι.
621 4626 640 4695 1,
658 4625 690 4682 us
704 4629 830 4697 ata-ua,
844 4626 1105 4697 nouatum-mo,
1119 4625 1284 4682 ianuas-
1298 4627 1381 4692 uacu„
1397 4623 1459 4700 un,
1474 4623 1575 4699 nnat,

416 4718 478 4777 aaa.
678 4737 680 4742 v
