3676 5592
664 511 828 559 nrsronrcn
848 509 1062 560 1111111111.
1406 489 1443 555 27

247 631 336 730 ·qui
366 639 495 719 tamen,
526 631 561 703 ni
586 632 748 720 fallimur,
781 631 966 704 habendus
991 642 1046 705 est
1062 620 1205 727 'primus
1234 631 1443 704 Litterarum

190 775 195 788 ·
276 745 470 818 Facultatis
481 767 613 840 parens
627 756 650 816 ¹.
662 746 754 818 Huic
762 745 1036 841 haudquaquam
1045 746 1102 817 vel
1117 745 1271 839 ingenie,
1284 743 1341 815 vel
1350 743 1444 816 sama

277 843 455 930 concessit
479 857 657 952 AEgidius,
686 858 744 930 vel
765 859 882 952 potius
912 858 1046 930 Gellius
1066 857 1324 956 bernardinus,
1343 857 1442 927 .Par-
1536 871 1538 878 ’

275 969 419 1057 mensis,
452 967 628 1041 Palinuri
651 980 785 1060 auctor,
804 972 876 1066 .qui
900 970 1120 1042 Avenionem
1146 992 1167 1041 a
1195 968 1374 1042 Clemente
1396 967 1440 1039 de

225 1149 227 1154 .
274 1081 418 1154 Ruvere
430 1081 567 1175 Legato
578 1082 704 1154 summi
714 1082 896 1155 Pontificis
908 1083 1113 1170 arcessitus,
1131 1081 1269 1176 poesim
1279 1079 1439 1152 docendo

274 1192 321 1264 ita
338 1193 491 1264 omnium
510 1191 681 1286 suffragia
698 1193 773 1264 tul't
789 1202 826 1264 ut
843 1217 863 1266 a
885 1193 1040 1292 Concilio
1056 1193 1216 1279 civitatis,
1238 1214 1328 1264 anno
1348 1191 1438 1262 1497

274 1311 354 1374 anto
374 1303 467 1378 diem
482 1311 645 1376 octavum
656 1305 739 1380 Idus
753 1306 915 1396 Martias,
936 1305 1081 1378 summis
1096 1303 1257 1376 laudibus
1271 1302 1307 1374 in
1323 1301 1439 1374 officio

272 1415 455 1507 pergendo
468 1415 639 1487 excitatus
654 1417 770 1505 fuerit,
790 1426 895 1513 atque
906 1416 1050 1488 florenis
1063 1423 1203 1488 centum
1221 1422 1255 1486 et
1274 1414 1443 1510 quinqua-

273 1525 370 1618 ginta
394 1527 582 1621 quotannis
605 1527 755 1599 donatus
769 1539 805 1626 ¹².
833 1525 978 1600 Solitam
998 1527 1225 1621 agnoscimus
1248 1525 1439 1597 hberalita-

272 1646 342 1708 tem
358 1637 519 1724 civitatis,
541 1661 631 1732 quae,
654 1661 719 1710 seu
739 1639 856 1727 fuerit,
877 1662 941 1710 seu
959 1633 1030 1710 non
1051 1638 1157 1710 fuerit
1174 1637 1288 1710 adhuc
1302 1635 1440 1716 Artium

272 1747 449 1836 FacultaS,
477 1749 672 1820 litterarum
697 1751 924 1844 professores
951 1774 972 1823 a
997 1750 1217 1822 studentibus
1243 1747 1438 1819 desiderari

271 1859 392 1930 noluit.
416 1860 657 1932 Bernardinus
676 1869 803 1950 autem,
826 1863 899 1934 sivo
918 1863 1023 1950 domi,
1048 1862 1122 1933 sive
1137 1860 1277 1955 publice
1294 1858 1330 1930 in
1348 1859 1437 1929 Uni-

270 1971 437 2044 versitate
456 1980 568 2043 artem
588 1995 689 2044 suam
712 1973 905 2058 tradiderit,
930 1973 1182 2068 discipulorum
1207 1980 1266 2043 aut
1289 1993 1435 2041 numero

270 2104 340 2153 non
369 2082 577 2173 sufficiebat,
592 2093 661 2156 vaut
676 2085 746 2156 otio
765 2085 821 2156 vel
837 2079 972 2158 feriatis
990 2085 1088 2157 horis
1106 2083 1275 2155 seminus
1294 2104 1437 2155 accom-

270 2193 447 2266 modabat.
469 2195 573 2283 Nam,
598 2196 758 2290 ejusdem
787 2196 868 2269 anni
888 2198 985 2269 Maio
1012 2219 1146 2283 mense,
1170 2193 1435 2267 Bartholomaeu

269 2303 313 2375 de
346 2304 509 2400 Riquetis
537 2307 573 2376 in
606 2316 781 2378 conventu
806 2309 1087 2380 Praedicatorum
1119 2306 1429 2399 Av'enionensium,

271 2415 372 2509 cujus
396 2417 474 2510 ipse
498 2418 602 2490 Prior
630 2419 705 2506 fuit,
738 2419 926 2513 collegium
951 2420 1119 2508 fundavit,
1146 2420 1182 2490 in
1207 2441 1275 2515 quo
1300 2426 1374 2489 tres
1400 2426 1435 2490 et

267 2525 389 2619 viginti
412 2529 532 2600 novitii
553 2530 794 2623 grammatica,
815 2531 960 2619 artibus,
983 2539 1088 2603 cantu
1106 2539 1141 2603 et
1157 2529 1338 2623 theologia
1356 2551 1435 2600 eru-

268 2636 424 2710 direntur
443 2639 468 2710 ³.

316 2748 515 2823 Aternum
530 2751 707 2841 FacultaS,
736 2754 767 2826 si
788 2755 894 2826 modo
916 2754 1022 2826 fuerit
1035 2755 1111 2849 jam
1130 2753 1288 2826 inst‘tuta
1301 2751 1324 2841 ⁴,
1350 2776 1432 2824 mox

265 2869 336 2934 tam
361 2862 460 2934 brevi
484 2865 654 2958 temporis
685 2866 798 2959 spatio
818 2867 980 2955 concidit,
1007 2875 1046 2936 ut
1066 2867 1145 2961 ejus
1168 2865 1263 2937 nulla
1282 2865 1432 2959 vestigia

264 2972 460 3048 videamus.
488 2975 578 3060 Quin
598 2977 680 3064 imo,
707 2977 743 3049 in
765 2977 905 3073 legibus
930 2979 974 3052 ab
999 2979 1168 3074 episcopo
1186 2977 1301 3050 Alano
1321 2977 1332 3015 ⁵
1349 2977 1430 3051 latis

298 3309 322 3360 1.
339 3310 540 3362 Deliberation
555 3309 593 3363 du
609 3311 717 3365 conscit
728 3310 765 3366 de
779 3313 846 3365 cille
861 3311 899 3366 du
913 3314 1110 3368 8111111491.
1124 3339 1158 3354 -·
1173 3309 1201 3367 P.
1216 3311 1426 3374 1111111111.

261 3390 295 3444 de
310 3394 413 3448 ναυσὶ.
429 3395 463 3447 de
477 3397 556 3454 1854,
572 3409 599 3466 p.
619 3393 673 3446 2⁴5
686 3394 720 3448 en
735 3401 809 3459 note.
820 3395 1002 3451 -Arenione
1015 3405 1104 3451 tamen
1117 3395 1269 3467 reperimus
1280 3395 1426 3466 quemdam

259 3473 391 3532 loannem
415 3477 449 3532 de
467 3477 592 3546 SaluciiS,
608 3477 655 3549 qui
680 3479 789 3540 scholas
813 3479 937 3550 publicas
952 3479 1087 3555 dirigebat
1102 3497 1176 3535 anno
1194 3483 1261 3534 1158
1281 3481 1324 3536 vel
1348 3481 1424 3536 1178.

258 3557 399 3617 Nescimus
414 3578 448 3616 an
464 3561 510 3618 ille
522 3562 626 3617 litteras
640 3563 763 3619 docuerit
775 3568 878 3625 (Deltb.
896 3567 934 3620 du
950 3584 1028 3620 cons.
1046 3567 1080 3621 de
1095 3569 1161 3620 otlle
1175 3567 1213 3620 du
1231 3570 1265 3620 18
1280 3567 1426 3622 decembre

259 3648 329 3700 1478
350 3663 387 3700 ou
414 3651 506 3711 14581.
746 3657 748 3662 “

292 3731 316 3782 i.
337 3729 425 3796 Banu,
446 3739 466 3786 1.
483 3732 504 3794 l,
521 3749 549 3804 p.
568 3734 628 3786 181.
650 3763 681 3774 -
706 3732 789 3787 Cane.
806 3732 904 3795 Veni„
920 3735 999 3795 ibid,
1018 3743 1036 3789 1.
1055 3733 1100 3798 lV,
1119 3733 1139 3789 i⁰
1161 3737 1219 3789 159.
1240 3765 1270 3774 -
1291 3737 1425 3804 Registre

257 3815 306 3867 des
323 3816 530 3872 deliberatione
547 3819 585 3873 du
601 3835 680 3874 cons.
697 3821 731 3873 de
745 3807 819 3879 cille,
842 3828 861 3873 1.
879 3817 910 3886 V,
932 3817 953 3872 f⁰
977 3823 1036 3874 119.
1056 3851 1092 3860 -
1107 3819 1135 3874 P.
1157 3821 1277 3885 Aenean,
1293 3825 1369 3873 Ana.
1389 3821 1424 3873 de

259 3901 360 3954 Vaucl.
374 3902 408 3954 de
428 3905 507 3962 1840,
523 3919 550 3973 p.
567 3905 602 3956 al
618 3911 646 3958 el
660 3907 705 3958 95.

290 3988 316 4037 3.
338 3987 423 4040 Mem.
442 4005 496 4040 sur
517 3989 620 4042 l'Unio.
643 3990 785 4058 d'Aeipn.,
804 3987 825 4042 p
845 3990 877 4043 72
896 4001 933 4045 v0.
955 4020 989 4030 —
1004 3995 1121 4060 Fropm.
1142 4007 1180 4044 eor
1197 3993 1269 4046 libro
1284 3993 1422 4045 conclusi.

257 4069 350 4130 Unio.;
365 4073 400 4125 P.
415 4075 467 4126 rel.
482 4076 501 4125 ὰ
515 4074 619 4127 l’Unio.
633 4075 759 4144 discipu
774 4078 863 4141 Hier„
879 4082 899 4129 t.
917 4074 938 4143 l,
954 4074 976 4129 l⁰
987 4076 1032 4128 51.

289 4153 314 4207 l.
330 4153 431 4210 Dicitur
442 4155 469 4210 in
485 4155 561 4212 hulla
571 4156 637 4212 Sinti
653 4157 699 4222 lv,
715 4175 769 4229 qua
782 4169 890 4215 erectus
902 4167 944 4215 est
954 4159 1203 4232 archiepiscopatus
1220 4161 1431 4226 dveniouensis,

253 4253 326 4294 anno
352 4241 430 4304 1171,
455 4242 586 4296 studium
613 4247 752 4312 generale
779 4244 967 4316 quarumlibet
998 4243 1158 4301 facultatum
1191 4255 1248 4301 urm
1281 4246 1422 4302 Avenione

251 4322 380 4395 viguisse.
398 4323 583 4382 Nihilominus
596 4327 674 4383 valde
689 4344 824 4396 veremur,
840 4345 875 4385 ne
889 4329 993 4384 Artium
1010 4329 1134 4386 Facultas
1147 4346 1262 4403 nsquam
1276 4331 1353 4400 alibi,
1367 4329 1421 4386 nisi

251 4405 279 4461 in
299 4409 475 4475 membranis,
497 4411 642 4467 exstiterit.
663 4412 701 4466 Ad
722 4413 824 4469 bullam
846 4412 978 4470 Bonilacii
993 4413 1053 4468 Vlll
1070 4414 1198 4471 allusisse
1214 4415 1295 4472 nobis
1309 4416 1421 4472 videtur

250 4489 340 4548 Sixtus
353 4492 396 4549 lV.
416 4494 485 4554 (vid.
502 4500 622 4551 Bullam
634 4501 716 4552 Sinti
729 4502 745 4552 1
750 4503 771 4551 V
783 4500 861 4568 apud
872 4503 1033 4569 Noupuier,
1052 4503 1124 4568 181).

285 4581 310 4632 5.
334 4579 446 4644 Alanus,
470 4580 643 4637 Coetivorum
666 4583 844 4640 celeberrima
866 4586 938 4655 apud
952 4585 1078 4641 Britones
1102 4593 1184 4660 gente
1208 4594 1299 4654 natus,
1324 4586 1418 4652 sedem

248 4662 467 4720 avenionensem
484 4667 626 4741 occupavit
639 4667 673 4724 ab
689 4683 761 4726 anno
778 4669 845 4728 1438
861 4670 895 4724 ad
908 4685 1009 4725 annum
1028 4671 1107 4732 1471.
