3686 5590
642 523 805 594 irtsroarcs
827 537 1038 593 unuunaarro.
1380 509 1418 594 ‘itt

259 668 294 739 e't
309 659 504 753 sedulitate,
526 665 590 736 sed
608 667 864 760 etiam'saepius
879 667 1029 759 pecunia
1044 688 1133 760 opus
1152 675 1246 750 erat;
1264 667 1294 738 is
1310 667 1413 756 enim,

260 779 360 874 quasi
371 779 511 870 legatus
524 777 673 872 quidam,
694 779 739 849 ad
754 778 996 849 Primicerium
1012 778 1224 849 studentium
1240 780 1414 874 querelas,

257 890 506 982 magistrorum
526 889 691 960 mandata
716 889 761 960 ad
787 889 928 960 sodales
954 889 1222 978 transmittebat,
1250 913 1315 983 pro
1342 891 1419 986 qui-

257 1002 324 1072 bus
349 1001 453 1072 etiam
474 1008 631 1092 sumptus
650 1000 770 1072 facere
788 1022 1034 1094 nonnunquam
1058 1000 1265 1092 cogebatur.
1286 1001 1420 1073 Eadem

258 1111 393 1183 ratione
411 1133 479 1205 qua
494 1110 630 1180 Rector
646 1110 857 1180 studentium
871 1108 993 1181 Abbas
1011 1109 1207 1202 eligebatur
1222 1122 1246 1182 ¹.

309 1225 493 1293 Praeerant
514 1221 562 1290 illi
583 1221 646 1291 toti
665 1221 877 1292 studentium
894 1221 1112 1308 multitudini,
1135 1244 1176 1293 ac
1202 1221 1304 1292 simul
1319 1222 1420 1315 leges

260 1332 508 1404 Universitatis
540 1353 582 1402 ac
612 1333 823 1402 studentium
854 1332 1039 1425 privilegia
1068 1333 1289 1405 observanda
1322 1357 1423 1405 eura-

260 1446 344 1516 bant
364 1455 388 1514 ².
415 1443 480 1513 Die
508 1443 620 1513 saneti
645 1444 753 1514 Lucae
775 1443 1024 1536 aperiebantur
1046 1431 1191 1532 scholae,
1222 1467 1301 1539 quae
1325 1445 1421 1516 circa

261 1554 521 1652 Assumptionis
541 1554 631 1625 diem
653 1555 917 1625 claudebantur.
940 1555 1053 1626 Nemo
1077 1555 1122 1626 ad
1137 1555 1239 1648 leges
1259 1556 1422 1627 ediscen-

262 1669 325 1738 das
361 1665 616 1752 admittebatur,
659 1665 727 1734 nisi
765 1674 902 1735 sextum
934 1665 1108 1736 decimum
1145 1667 1260 1738 aetatis
1295 1689 1422 1738 annum

262 1777 450 1870 attigisset.
477 1775 608 1846 Omnes
634 1775 827 1862 scholares,
859 1786 982 1870 quater
1001 1777 1036 1846 in
1060 1799 1163 1864 anno,
1192 1778 1334 1848 nomina
1360 1801 1425 1849 sua

261 1891 296 1960 in
314 1887 441 1959 tabulis
460 1881 663 1974 Facultatis,
687 1887 788 1979 cujus
807 1887 1000 1958 doctrinam
1019 1887 1271 1980 percipiebant,
1295 1888 1423 1960 inscri-

174 2067 177 2078 ,
261 2003 346 2072 bere
364 1999 551 2070 debebant.
576 1997 736 2079 Quotidie
755 1998 891 2068 duobus
909 1999 1172 2092 professoribus
1195 1999 1424 2070 recitantibus

263 2113 419 2198 aderaut,
452 2132 598 2204 quorum
620 2109 808 2180 lectionem
834 2109 1115 2202 perscribebant.
1144 2111 1232 2180 Post
1247 2110 1425 2181 biennium

262 2221 496 2308 baccalaurei,
524 2229 605 2313 post
629 2220 815 2290 triennium
844 2220 1023 2308 licentiati,
1050 2229 1132 2314 post
1160 2221 1425 2316 quadriennium

264 2335 428 2406 doctores
454 2331 531 2401 fieri
554 2339 726 2424 poterant,
761 2331 818 2426 qui
841 2331 982 2401 assidue
1002 2331 1192 2424 magistros
1217 2332 1421 2422 audierant;

266 2445 330 2518 sed
346 2452 383 2514 ut
397 2442 687 2536 periclitationem
703 2443 799 2513 adire
814 2451 971 2535 possent,
993 2443 1208 2514 assiduitatis
1226 2443 1425 2514 testimonio

266 2579 355 2651 opus
381 2561 466 2642 erat,
499 2576 519 2624 a
544 2554 723 2646 magistris
749 2554 852 2652 dato,
876 2554 969 2648 quod
996 2554 1026 2624 si
1052 2554 1129 2649 quis
1148 2553 1319 2647 magister
1333 2553 1424 2626 falso

267 2667 516 2753 concessisset,
548 2666 591 2736 ab
615 2663 730 2736 officio
753 2665 830 2758 ipse
857 2665 1115 2753 removebatur,
1144 2665 1316 2737 scholaris
1340 2688 1425 2737 vero
1506 2659 1508 2666 ’

267 2780 378 2875 gradu
395 2777 681 2848 interdicebatur.
710 2777 821 2847 Facta
842 2776 967 2847 deinde
990 2776 1128 2870 privata
1155 2777 1420 2870 periclitatione,

268 2891 448 2989 studentes
466 2888 642 2983 publicam
657 2887 809 2975 obibant,
833 2911 912 2983 quae
937 2888 1024 2959 duas
1041 2887 1150 2959 horas
1168 2889 1421 2978 baccalaureis,

264 3014 336 3074 tres
352 3000 551 3090 licentiatis,
572 3008 720 3095 quatuor
732 3000 934 3070 doctoribus
952 3000 1113 3072 durabat.
1136 3000 1216 3072 Hoc
1235 3023 1332 3072 more
1348 3009 1426 3072 ute-

265 3115 391 3186 bantur
415 3135 506 3183 anno
532 3112 634 3200 1679,
664 3134 767 3206 quem
792 3121 909 3182 tamen
933 3111 1057 3204 paucis
1078 3121 1160 3204 post
1187 3113 1287 3194 annis
1307 3110 1425 3210 (1698)

222 3310 225 3316 ¹
266 3232 496 3314 mutaverunt,
536 3232 573 3293 ut
608 3223 848 3294 Parisiensem
885 3223 1160 3294 Universitatem
1194 3225 1422 3312 imitarentur,

268 3321 345 3435 quae
384 3346 465 3431 post
506 3358 633 3413 novem
673 3358 817 3406 menses
859 3336 1078 3406 studentibus
1118 3336 1426 3408 baccalaureatum

267 3447 481 3534 conferebat,
519 3455 554 3517 et
584 3446 761 3517 licentiam
792 3455 826 3517 et
856 3447 1086 3534 doctoratum,
1121 3470 1190 3519 uno
1225 3455 1284 3518 aut
1317 3447 1427 3518 altero

262 3568 347 3655 post
358 3557 664 3630 baccalaureatum
683 3581 773 3628 anno
793 3558 925 3651 elapso,
950 3557 1109 3630 affectari
1128 3559 1265 3630 sinebat
1283 3558 1309 3630 ³.

317 3671 354 3742 Si
374 3670 450 3767 quis
474 3692 558 3741 vero
580 3669 759 3763 repulsam
778 3691 799 3740 a
815 3670 994 3763 magistris
1008 3670 1180 3742 immerito
1199 3692 1286 3748 sesev
1303 3669 1427 3741 tulisse

270 3782 508 3870 arbitraretur,
524 3803 650 3852 novam
664 3781 758 3852 idem
773 3789 807 3853 et
825 3781 1000 3876 publicam
1020 3781 1311 3876 periclitationem
1331 3781 1428 3854 adire

307 4068 331 4124 l.
347 4071 382 4124 P.
402 4071 488 4124 relat.
503 4069 523 4123 ὰ
536 4069 639 4123 l'Unt'o.
657 4066 799 4138 d'Aoiprt.,
817 4073 837 4122 t.
854 4064 874 4138 l,
892 4063 913 4120 p
928 4066 989 4122 288.
1394 4107 1398 4116 .

305 4153 330 4210 t.
347 4157 429 4217 Ibtd„
451 4152 472 4206 s·
495 4157 555 4206 att.
583 4153 769 4226 -Avenione
789 4153 898 4207 easdem
921 4152 1030 4208 videtur
1051 4147 1125 4207 vices
1148 4149 1238 4224 egisse
1259 4148 1429 4206 studentium

270 4241 377 4305 Rectam
399 4255 466 4310 quas
484 4239 646 4294 Procurator
665 4238 831 4293 Germanicae
850 4237 969 4292 nationis
988 4239 1059 4309 apud
1078 4233 1286 4293 Universitatem
1305 4235 1432 4291 Aurelia-

271 4341 395 4382 nensem.
418 4325 438 4378 l
458 4333 562 4380 rectore
581 4323 750 4378 studentium
765 4323 996 4378 At'euiouensium
1012 4323 1154 4378 emebatur
1168 4321 1303 4394 quidquid
1318 4337 1432 4377 necesse

270 4418 327 4466 erat
340 4410 374 4465 ad
388 4409 573 4465 conficiendas
584 4409 734 4480 placentas,
749 4423 821 4479 quae,
834 4408 862 4462 iu
876 4408 992 4463 solemni
1007 4410 1093 4464 sancti
1108 4407 1260 4463 Sebastiam
1275 4406 1354 4476 leste,
1375 4422 1431 4462 nou

271 4495 359 4553 solum
381 4493 567 4551 Universitatis
581 4503 608 4549 et
626 4493 743 4548 civitatis
759 4492 972 4566 magistratibus,
993 4494 1042 4549 sed
1061 4493 1201 4548 nobilibus
1222 4493 1304 4548 etiam
1319 4493 1385 4549 viris
1404 4501 1431 4550 ct

273 4581 433 4635 mulieribus
447 4579 537 4634 otl'erri
551 4580 686 4635 solebant.
701 4580 795 4647 (totu.
811 4577 832 4633 1¹⁰
850 4578 924 4648 288.)

309 4682 334 4736 3.
349 4679 432 4741 ibid..
449 4687 466 4734 t.
484 4678 517 4734 ll.
535 4677 679 4746 but-923
697 4688 718 4734 t.
736 4677 777 4744 tv,
793 4677 815 4733 l'0
831 4679 961 4735 tut-toa.

1260 4765 1278 4836 b
